3298 5170
704 367 784 416 xxx

249 537 350 620 idque
372 536 436 602 tuis
458 537 575 602 saevis.
589 535 737 622 fatisci
759 535 894 602 tristibu'
917 536 1011 604 dictis

249 746 314 793 neu
337 727 443 809 quite
465 726 580 809 ignaro
605 724 744 792 famulus
767 723 945 792 subducere

150 924 208 985 set
555 935 640 980 anne
663 936 724 999 ego
748 921 779 980 te
801 935 938 982 vacuam
961 923 1056 1001 atque
1079 918 1258 983 animosam

252 1019 444 1085 Thessalam
466 1024 501 1083 ut
520 1003 712 1084 indomitam
736 1018 834 1086 frenis
857 1020 1006 1104 subigam
1027 1024 1102 1085 ante
1125 1019 1340 1104 domemquc?

249 1210 334 1276 ‘tune
356 1209 433 1292 iugo
456 1208 573 1290 iungas
594 1227 646 1274 me
669 1211 744 1274 ante
769 1212 800 1275 et
822 1209 994 1276 succedere
1016 1214 1125 1274 aratro

249 1311 385 1377 invitum
408 1315 440 1376 et
462 1310 574 1412 glebas
597 1312 731 1395 subigas
753 1312 961 1398 proscindere
983 1311 1093 1378 ferro?

249 1501 307 1566 sed
331 1475 409 1584 quid
433 1520 494 1584 ego
517 1499 597 1566 haec
620 1502 727 1567 animo
750 1499 923 1587 trepidanti
946 1501 1032 1567 dicta
1053 1499 1239 1587 profundo?

153 1695 208 1754 979
251 1696 284 1756 et
306 1688 437 1755 mutoni'
459 1682 589 1755 manum
611 1692 810 1776 perscribere
831 1712 928 1777 posse
950 1697 1098 1776 tagaccm

248 1898 332 1964 quae
354 1899 419 1950 non
441 1879 608 1965 spectandi
632 1880 749 1966 studio,
772 1881 831 1947 sed
854 1883 895 1946 ab
920 1881 1026 1947 omini’
1048 1882 1143 1948 taetri

231 1999 232 2002 ¹
248 1982 388 2064 impulsu
410 1981 587 2068 ingressus,

218 2189 284 2247 963.
325 2187 442 2269 Nonius
463 2193 611 2268 p.388,23
634 2189 792 2265 “Sacrum,
807 2190 919 2251 durum.
943 2193 1138 2252 ...Lucilius
1158 2191 1281 2250 lib.xxx
1302 2189 1355 2248 ‘id-

140 2301 200 2360 que
221 2281 279 2342 tnis
293 2285 384 2359 scetis
404 2289 493 2343 saeuis
513 2285 702 2345 ...dictis'.'’
803 2285 886 2344 Idem
908 2305 936 2362 p.
950 2285 1049 2359 409,9
1071 2283 1199 2359 “Triste
1226 2284 1355 2357 crudele,

138 2379 259 2438 immite.
282 2423 328 2437 ...
344 2377 478 2438 Lucilius
498 2381 549 2439 lib.
564 2399 627 2438 xxx
646 2381 749 2459 ‘itaque
769 2380 826 2439 tuis
848 2380 926 2438 seris
947 2379 1035 2438 factis
1051 2423 1057 2436 .
1071 2424 1077 2438 .
1091 2423 1097 2436 .
1110 2377 1232 2437 dictis'.''

218 2472 289 2531 964.
322 2471 440 2531 Nonius
455 2474 558 2549 pecc,
571 2476 608 2534 23
630 2473 824 2534 “Subducere
846 2480 891 2534 est
912 2473 1069 2549 surripere.
1092 2517 1138 2531 ...
1156 2473 1290 2532 Lucilius
1304 2473 1354 2532 lib.

138 2585 205 2622 xxx
226 2565 485 2625 ‘neu...1cuou0
506 2585 640 2626 ssnunrs
661 2569 861 2629 subducere’.”
1201 2559 1203 2564 ¹

167 2643 185 2682 ⁸
218 2663 283 2720 965.
323 2660 440 2720 Nonius
461 2680 490 2738 p.
501 2662 601 2737 401,6
622 2662 799 2740 “subigere
820 2663 934 2724 mollire
956 2663 1004 2720 rel
1023 2677 1171 2721 exercere.
1196 2661 1355 2722 ...Luci-

58 2760 63 2768 '
138 2757 196 2814 lius
217 2755 267 2814 lib.
278 2774 343 2812 xxx
362 2755 411 2812 ‘su
432 2773 488 2833 ego
510 2764 539 2817 tc
561 2775 665 2816 seusu
682 2805 689 2819 .
706 2805 712 2819 .
728 2805 735 2819 .
750 2759 911 2819 tessalam.
926 2802 933 2816 .
951 2802 957 2815 .
972 2757 1182 2833 domemque’.’'
1271 2756 1355 2815 Idem

139 2869 168 2926 p.
184 2851 251 2924 233,
266 2852 302 2908 31
328 2849 458 2910 “Anima
481 2853 586 2912 iterum
612 2853 759 2928 significat
784 2850 957 2912 iracundum
978 2852 1025 2910 vel
1044 2850 1200 2919 furiosum;
1228 2849 1357 2910 undeet

139 2945 265 3004 animosi
290 2937 427 3003 dicuntur
452 2945 594 3005 iracundi.
703 2946 839 3007 Lucilius
866 2946 942 3004 libro
970 2964 1034 3002 xxx
1062 2943 1168 3020 ‘atque
1194 2942 1356 3003 animosam

139 3040 297 3098 thessaliam
317 3048 343 3096 ct
356 3083 362 3096 .
375 3083 382 3097 .
394 3081 401 3097 .
413 3039 596 3117 subiguntque
616 3040 811 3116 dcmcotqac’.’'
835 3074 839 3078 ·

217 3132 282 3195 967.
322 3132 438 3192 Nonius
461 3151 490 3209 p.
503 3134 571 3210 401,
592 3133 626 3193 ll
649 3132 835 3211 “Subigere,
856 3151 974 3208 cogere.
1002 3179 1053 3193 ...
1074 3131 1207 3191 Lucilius
1228 3132 1279 3192 lib.
1292 3151 1357 3189 xxx

139 3227 220 3288 ‘tnnc
235 3273 260 3287 ..
274 3273 280 3287 .
292 3226 405 3286 ferrc'.”

215 3324 281 3382 969.
321 3321 351 3381 N
354 3321 437 3380 onius
459 3339 487 3397 p.
503 3321 571 3397 408,
587 3325 604 3380 9
628 3321 827 3399 “Trepidare,
848 3326 987 3381 metuere.
1009 3321 1206 3380 ...Lucilius
1225 3321 1276 3381 lib.
1292 3339 1356 3377 xxx

140 3417 206 3477 ‘sed
221 3463 227 3476 .
241 3463 247 3475 .
261 3463 268 3476 .
281 3419 434 3492 trepidante
449 3462 456 3476 .
470 3462 476 3477 .
489 3461 495 3476 .
507 3414 692 3492 prolundo'.''

218 3508 299 3591 970..
325 3510 435 3569 Festus
456 3527 486 3585 p.
501 3512 567 3584 359,
582 3513 617 3569 13
639 3513 670 3570 et
691 3509 805 3569 Paulus
833 3528 862 3587 p.
880 3509 935 3569 154
959 3508 1111 3585 “Tegax,
1137 3508 1317 3581 furunculus,
1338 3525 1357 3567 a

139 3604 302 3680 tangendo.
327 3605 410 3664 cuius
425 3604 563 3663 vocabuli
577 3603 712 3664 Lucilius
733 3603 872 3678 meminit,
895 3601 935 3663 ‘et
948 3604 1075 3663 mutonis
1090 3650 1097 3664 .
1110 3649 1116 3664 .
1129 3649 1136 3663 .
1149 3610 1286 3679 tagaccm
1299 3602 1355 3678 (tc-

116 3716 199 3776 'pem
221 3698 378 3774 Festus)'.''
458 3698 574 3758 Nonius
594 3717 623 3775 p.
636 3699 702 3774 408,
714 3701 751 3757 31
773 3697 935 3772 “Tangere
956 3697 1044 3757 etism
1066 3697 1286 3760 circumvenire.

138 3793 274 3853 Lucilius
295 3791 346 3852 lib.
361 3810 426 3850 xxx
447 3791 487 3853 ‘et
506 3797 640 3852 mesconis
659 3812 742 3851 orcos
762 3792 947 3870 perscribere
962 3803 1058 3867 posset
1076 3790 1215 3852 aioccm’.''

218 3884 283 3945 971.
325 3885 442 3947 Nonius
465 3883 801 3963 p.413‚13'“Taetrum
816 3885 924 3945 dicitur
941 3883 1118 3960 illuviosum,
1137 3885 1286 3945 factidum.

138 3981 275 4040 Lucilius
295 3979 421 4040 lib.xxx
443 3981 529 4057 ‘quae
551 3998 610 4040 non
631 3998 812 4039 nxrncrxus
832 3979 969 4057 (spectans
985 3979 1142 4040 Leidensis
1157 3987 1187 4039 et
1201 3978 1354 4039 (leneren-

139 4075 192 4150 sis)
207 4092 377 4134 suncrrrur
395 4075 494 4137 studio
508 4094 544 4132 su
565 4077 602 4137 ab
623 4077 739 4138 bominis
759 4070 869 4152 (uotiuis
883 4073 1079 4148 Gencvensis,
1098 4075 1249 4134 bominibus
1264 4071 1354 4134 Gucl·

139 4168 329 4247 ferbytanus)
347 4170 595 4246 ...ingressus'.”
853 4164 859 4176 '

139 4294 342 4304 .....——

217 4349 283 4410 970.
324 4352 452 4425 Manum,
471 4353 554 4428 puto,
574 4365 651 4425 quae
672 4353 797 4425 quaerat
815 4355 938 4426 tangere
960 4352 1116 4408 mutonem.

216 4426 281 4490 971.
325 4427 465 4489 Correxit
485 4427 577 4488 lanus
598 4423 792 4489 Guilielmins.
845 4461 848 4466 ·

1292 4588 1603 4784 ἢ
