3298 5170
622 331 759 381 1-xxv.
783 330 863 381 XXX

831 497 970 584 deensis,

244 607 315 673 0100
338 603 510 671 deensibus
534 609 592 670 est.

151 785 221 846 1090
244 778 409 864 pistricem
430 772 585 859 validam,
609 773 638 839 si
658 773 782 838 nummi
803 772 1067 860 suppeditabunt,

244 879 358 965 addas,
383 878 580 963 empleuron,
603 875 805 962 mamphulas
824 894 908 960 quae
930 874 1013 941 seiat
1034 876 1147 942 omnis.

244 1071 330 1117 nune
352 1051 395 1117 ad
417 1056 450 1116 te
471 1047 580 1133 redeo,
604 1054 640 1113 ut
661 1067 746 1133 quae
768 1065 820 1114 000
842 1066 894 1112 me
915 1046 1080 1134 impendet
1101 1054 1227 1131 agatur.

243 1242 383 1308 nequam
406 1224 599 1304 autument,
624 1219 710 1286 00010
736 1217 863 1303 quoivis
885 1218 1106 1286 vehementius
1129 1219 1240 1287 ambit.

241 1394 356 1480 prima,
379 1391 522 1478 Papiria,
546 1397 580 1458 tu
602 1388 793 1458 stolidarum
810 1438 1048 1458 ............
1113 1405 1114 1409 ’

215 1550 298 1608 1088.
341 1546 439 1606 Varro
462 1544 499 1605 de
525 1546 628 1622 lingua
659 1545 769 1604 Latina
787 1543 864 1603 libro
886 1563 920 1601 rx
939 1563 969 1622 p.
987 1542 1050 1620 lli,
1064 1545 1101 1603 38
1126 1541 1252 1604 “Etiam
1277 1543 1350 1604 illud

134 1647 243 1719 putant
262 1659 328 1700 0000
349 1656 459 1699 causae
480 1656 533 1698 eur
553 1657 613 1698 non
634 1638 673 1698 sit
692 1636 792 1714 (addit
809 1642 839 1695 in
859 1637 1061 1714 Florentinns)
1088 1638 1242 1713 analogia,
1269 1639 1351 1715 quod

136 1735 272 1796 Lucilius
294 1734 398 1795 scribit
420 1733 540 1792 ‘uacuis
562 1733 624 1792 sire
646 1731 806 1792 deensibus
827 1732 891 1792 est'.
922 1734 973 1810 qui
993 1737 1102 1807 errant,
1123 1733 1351 1810 qnodLueilius

134 1847 194 1889 non
216 1829 319 1889 debuit
336 1828 483 1903 dubitare,
504 1827 585 1905 quod
606 1814 770 1903 utrumqne.
854 1826 900 1886 ab.
914 1826 1058 1886 irensibus
1077 1826 1174 1888 virilia
1189 1827 1351 1887 multitudi-

134 1924 180 1983 nis
203 1923 241 1982 ‘hi
264 1924 384 1982 tresses'
405 1930 437 1982 et
455 1922 510 1982 ‘his
532 1919 679 1981 tressibns
701 1919 837 1996 confido’,
858 1920 1011 1996 singulare
1032 1919 1098 1981 ‘hoe
1118 1923 1224 1982 tressis
1244 1921 1351 1982 habeo'
1440 1987 1443 1992 ,

136 2024 168 2078 00
187 2018 255 2077 ‘hoe
276 2017 363 2076 tresis
385 2017 521 2077 confido’.
553 2015 596 2075 sie
617 2014 759 2090 deinceps
780 2014 820 2075 ad
842 2015 1046 2092 (Florentinus
1067 2014 1099 2093 a)
1118 2015 1293 2078 centussis.”

214 2113 298 2171 1090.
339 2111 449 2170 Festus
470 2129 499 2187 p.
517 2108 618 2181 142,4
642 2106 838 2184 “Mamphula
860 2109 1031 2186 appellatur
1053 2110 1140 2186 panis
1162 2111 1278 2188 Syriaci
1301 2131 1351 2189 ge·

133 2223 207 2280 nus,
232 2203 327 2282 qnod,
352 2211 385 2264 nt
405 2205 448 2266 ait
468 2203 607 2276 Verrius,
627 2200 658 2259 iu
678 2201 798 2262 clibano
819 2208 888 2261 ante
908 2192 1004 2279 quam¹
1017 2211 1227 2281 percoquatur
1241 2205 1353 2267 decidit

135 2300 164 2357 iu
188 2300 335 2359 earboues
356 2300 551 2377 cineremque.
576 2295 659 2356 euius
679 2292 811 2356 meminit
831 2296 974 2372 Lucilius,
995 2297 1156 2374 ‘pistricem
1177 2319 1291 2358 vneror
1306 2345 1312 2360 .
1325 2345 1351 2360 ..

134 2393 268 2453 omnis'.”
324 2393 425 2455 Varro
440 2395 478 2454 de
491 2393 595 2469 lingua
608 2389 722 2449 Latina
737 2389 842 2449 librov
854 2408 883 2467 p.
893 2391 947 2451 140
962 2390 1058 2450 “10(10
1074 2398 1143 2469 post
1158 2393 1188 2452 in
1204 2393 1275 2453 urbe
1292 2394 1351 2452 Ln-

133 2487 330 2566 cili-pistrina
350 2488 426 2565 (xvi,
441 2488 512 2566 449)
532 2493 563 2546 et
582 2482 718 2562 pistrix.”

212 2583 295 2642 1092.
337 2582 447 2642 Festus
468 2581 600 2658 p.161,8
622 2577 690 2637 “Me
711 2593 766 2653 pro
787 2576 856 2636 mibi
877 2576 1019 2640 dicebaut
1039 2579 1163 2659 antiqui,
1185 2587 1218 2642 nt
1235 2581 1350 2642 Ennius

133 2722 139 2737 .
152 2721 159 2736 .
175 2721 182 2734 .
195 2672 381 2749 et'anilins
403 2675 491 2734 ‘nune
506 2720 513 2734 .
526 2720 532 2735 .
545 2719 551 2734 .
564 2671 707 2750 0000001η

213 2771 297 2829 1093.
340 2769 451 2830 Festus
472 2787 501 2845 p.
518 2770 583 2842 165,
605 2772 639 2828 ll
663 2765 821 2842 “Nequam
841 2784 995 2828 ...ouon
1016 2768 1060 2828 010
1082 2770 1261 2830 ...00001οἲ
1295 2770 1351 2832 hoc

132 2881 221 2925 00000
240 2861 339 2922 Lucili
361 2861 522 2937 significari
542 2861 585 2922 010
606 2859 726 2921 Sinnius
747 2859 858 2937 Capito
886 2877 1011 2938 nequam
1032 2881 1100 2924 esse
1126 2881 1244 2940 aurum,
1269 2865 1351 2942 quod

132 2959 212 3019 auris
235 2957 347 3031 laedat,
369 2957 415 3016 001
436 2955 569 3034 pondere
589 2954 745 3030 inaurium,
771 2972 837 3014 0000
859 2954 1033 3016 mollissima
1053 2974 1123 3033 pars
1143 2957 1224 3018 auris
1244 2957 1351 3017 incidi-

134 3062 200 3111 tur:
222 3052 269 3110 vel
290 3068 328 3109 ex
349 3069 422 3110 auro
443 3049 575 3125 intellegi
596 3049 761 3126 pecuniam,
784 3049 867 3110 euius
888 3056 1027 3128 respectu
1042 3057 1073 3112 ct
1086 3051 1176 3111 nimia
1189 3052 1351 3130 eupiditate

135 3147 270 3207 homines
292 3144 331 3204 ad
351 3142 538 3221 peccandum
558 3142 693 3203 adduci.”

216 3241 301 3301 1094.
342 3237 528 3299 Scholiasta
544 3237 707 3299 sotiensis
723 3239 761 3299 au
777 3239 973 3300 Plancianum
988 3224 1241 3317 0000000010
1259 3240 1352 3302 orent

135 3332 323 3394 “Tusculani
342 3332 499 3410 plurimum
519 3331 621 3391 livoris
643 3334 816 3393 naturaliter
836 3334 926 3394 etiam
940 3334 1022 3424 01000
1035 3335 1199 3411 municipes
1214 3353 1284 3395 suos
1300 3336 1350 3397 ha·

132 3430 235 3490 buisso
263 3425 407 3486 videntur.
445 3426 487 3485 sie
508 3433 539 3486 et
557 3427 597 3487 M.
619 3427 697 3489 Cato
718 3428 767 3487 ille
789 3426 941 3502 censorius
968 3445 1023 3504 pro
1049 3429 1180 3505 maligno
1201 3435 1231 3490 et
1250 3430 1352 3490 invido

133 3523 255 3583 habitus
278 3524 334 3580 est.
366 3537 420 3580 nee
442 3520 529 3579 aliter
548 3520 637 3581 etiarn
653 3521 789 3581 Lucilius
804 3520 841 3582 de
855 3520 1017 3580 eorundem
1032 3522 1162 3583 moribus
1177 3524 1278 3600 sentit,
1295 3524 1351 3586 hoc

132 3617 236 3676 dicens
259 3615 365 3692 ‘prima
380 3659 387 3674 .
400 3659 407 3674 .
420 3659 427 3674 .
439 3615 654 3689 sournlaum'.”
685 3614 770 3675 addit
788 3615 886 3691 Maius
907 3614 1060 3692 ‘Sequitur
1073 3620 1172 3676 autem
1187 3618 1350 3680 versiculus

132 3711 268 3771 Graecus
290 3707 494 3770 oblitteratus’.

210 3857 296 3915 1088.
338 3855 425 3916 Ηο00
446 3856 686 3918 emendatissima
708 3857 821 3934 scripta
839 3857 981 3917 Miillerns
1010 3856 1141 3918 barbara
1160 3858 1232 3918 lecit
1257 3857 1351 3935 impe-

129 3933 184 3992 rite
206 3932 394 4007 corrigendo.
429 3931 599 3994 Gronovius
619 3935 650 3993 in
671 3936 801 4012 peennia
819 3942 921 3994 vetere
941 3951 971 4012 p.
987 3936 1025 3994 38
1045 3952 1104 3994 non
1125 3935 1271 4012 peccavit,
1296 3936 1350 3996 sed

130 4009 299 4070 fefellerunt
319 4027 386 4070 eum
407 4012 590 4088 exemplaria
612 4012 768 4089 impressa.
1009 4027 1014 4036 ·

210 4089 293 4147 1090.
331 4089 458 4147 calidam
479 4088 628 4166 Scaliger.

207 4166 292 4224 1094.
332 4165 475 4226 Horatius
497 4182 662 4226 sermonum
676 4185 710 4242 11,
728 4168 753 4241 1,
769 4167 806 4225 69
830 4163 1000 4225 “Primores
1028 4164 1132 4243 populi
1151 4164 1208 4226 arri
1233 4165 1276 4226 uit
1292 4183 1347 4258 po-

6 4273 15 4288 ·
129 4241 290 4318 pnlnmquo
310 4243 470 4303 tributim.”
494 4241 682 4306 Seboliastes
703 4242 802 4303 Perii
812 4261 833 4319 1,
846 4244 901 4304 115
923 4238 1056 4302 “Urbem
1076 4243 1198 4303 antemi
1220 4259 1255 4302 eo
1270 4241 1346 4305 dixit

129 4318 237 4397 000010,
264 4319 335 4396 qnia
362 4320 456 4382 tribus
483 4338 584 4382 omnes
604 4322 728 4399 triginta
751 4321 881 4402 quinque
901 4319 1059 4396 laceravit,
1085 4337 1123 4380 ex
1149 4321 1256 4402 quibus
1276 4323 1348 4384 urbs

128 4401 193 4458 toto
213 4396 359 4458 constat.’'
479 4449 483 4457 .
1639 4437 1640 4504 ,
