3300 5166
294 300 337 366 54
861 306 940 355 XVII

311 477 364 536 llo
402 489 467 534 non
479 469 601 536 licitum
612 489 685 536 esse
695 475 821 538 uterum
834 480 931 557 atque
943 474 1040 539 etiam
1055 473 1189 556 inguina
1203 479 1338 556 tangere
1352 475 1508 558 mammis,

410 567 506 660 Τυρώ
530 565 764 659 clausionem
787 575 931 660 aliquam
953 596 1020 641 rem
1043 577 1205 660 insignem
1227 574 1388 660 habuisse,

404 695 581 758 verrucam,
604 693 753 759 naevum,
780 673 932 764 [dictum],
956 677 1085 744 dentem
1108 677 1282 743 aminnium
1305 699 1413 762 unum,

406 796 610 861 compernem
632 784 687 845 aut
708 799 821 845 varam
844 778 945 845 fuisse
968 780 1212 865 Amphitryonis
1235 781 1363 847 acoetin

405 880 601 964 Alcmenam,
625 888 722 964 atque
745 881 836 965 alias,
859 880 1018 964 Helenam
1039 883 1143 966 ipsam
1166 881 1304 965 denique
1328 919 1369 930 -·
1390 881 1467 946 nolo

314 991 361 1052 475
402 980 523 1049 dicere:
553 987 619 1048 tute
641 981 717 1049 vide
740 988 838 1066 atque
860 981 1044 1066 disyllabon
1067 983 1153 1066 elige
1176 982 1322 1066 quodvis.
1399 1069 1402 1074 y

406 1202 433 1269 si
457 1203 593 1268 semissi’
619 1203 699 1271 iacis
722 1222 841 1288 musas,
865 1203 892 1270 si
916 1201 1022 1270 rendi'
1047 1203 1228 1272 Lavernae.

407 1429 513 1489 cetera
536 1424 711 1489 contemnit
733 1430 765 1490 et
787 1425 820 1489 in
841 1440 942 1488 usura
965 1421 1073 1486 omnia
1095 1423 1187 1508 ponit

409 1545 474 1591 non
497 1545 632 1609 magna:
659 1526 824 1611 proprium
846 1545 923 1592 vero
948 1525 994 1591 nil
1016 1525 1176 1590 nemiuem
1198 1526 1327 1594 habero.

408 1753 581 1832 nupturam
603 1751 639 1828 te,
657 1751 759 1829 nupta
780 1765 892 1830 negas,
915 1711 1135 1830 quod'vivere
1159 1745 1277 1812 Ulixen

317 1856 371 1915 48⁰
409 1868 531 1934 speras.

321 2069 341 2111 *
854 2089 974 2153 magna
990 2090 1073 2136 ossa
1095 2071 1271 2154 lacertique

409 2176 570 2256 apparent
591 2169 737 2236 hominis.

303 2499 404 2541 novar
425 2479 512 2539 etiam
528 2479 719 2539 ...mammis
742 2497 934 2537 courrausu
952 2526 977 2540 ..
991 2526 995 2536 .
1008 2480 1084 2540 alias
1104 2499 1208 2536 runnu
1225 2527 1269 2540 ...
1283 2480 1410 2557 quodvis
1426 2497 1514 2536 runc

303 2591 518 2631 nrunrnrnmu
534 2620 540 2633 .
554 2619 560 2633 .
573 2621 580 2634 .
593 2591 716 2634 naevum
732 2573 840 2650 (nocam
854 2575 1114 2650 Guelferbytanus,
1134 2593 1250 2631 meacm
1265 2571 1436 2646 Leidensis)
1452 2572 1514 2630 dic·

304 2676 365 2728 tum
380 2715 386 2727 .
399 2714 405 2727 .
417 2713 423 2728 .
435 2668 558 2727 uuum'.''
628 2667 712 2726 Idem
733 2687 762 2744 p.
777 2670 824 2743 26,
840 2671 873 2726 11
896 2667 992 2726 “Vari
1006 2668 1143 2727 dicuntur
1158 2667 1285 2727 obtortis
1301 2665 1421 2743 plantis.
1452 2665 1513 2724 Lu·

304 2764 389 2821 cilius
410 2770 576 2837 satyrarum
595 2760 646 2820 lib.
661 2780 726 2819 xvir
747 2761 944 2838 ‘compernem
960 2761 1171 2821 ...acoetiu'.”

380 2854 446 2915 476.
485 2855 603 2914 Nouius
624 2873 653 2931 p.
671 2856 734 2929 134,
749 2857 787 2913 33
808 2855 982 2929 “Laverna,
1009 2853 1065 2912 dea
1089 2853 1137 2912 cui
1164 2855 1335 2931 supplicant
1359 2853 1447 2911 iures.

303 2949 437 3008 Lucilius
458 2949 508 3008 lib.
523 2968 587 3006 xvu
608 2948 644 3008 ‘si
662 2967 777 3006 mussas
797 2949 871 3009 iacis
889 2949 1122 3009 ...lavernae’.''

381 3040 448 3102 477.
474 3041 609 3101 'Nonius
635 3061 664 3119 p.
680 3044 784 3118 362,6
811 3041 989 3119 “Proprium
1016 3058 1130 3100 rursum
1157 3040 1306 3116 significat
1331 3044 1515 3118 perpetuum.

304 3179 330 3196 ..
344 3182 350 3194 .
366 3136 500 3195 Lucilius
522 3142 687 3217 satyrarum
707 3137 757 3195 lib.
773 3156 836 3196 xvu
858 3135 968 3196 ‘cetera
983 3182 989 3195 .
1003 3180 1009 3192 .
1022 3181 1028 3194 .
1039 3137 1108 3194 nibil
1121 3180 1128 3195 .
1140 3181 1146 3194 .
1159 3180 1165 3194 .
1176 3134 1323 3195 habers’.'’

382 3229 448 3289 479.
489 3230 661 3288 Priscianus
689 3249 718 3307 p.
734 3232 791 3290 864
815 3230 969 3290 “Lucilius
990 3230 1020 3288 in
1041 3247 1106 3287 xvrr
1131 3232 1280 3307 (numerus
1306 3225 1450 3304 incertus)
1477 3227 1517 3286 ad

226 3361 228 3366 -
306 3323 491 3399 Penelopam
519 3341 680 3384 conversus
707 3323 748 3383 ait
773 3322 940 3400 'nuptorum
956 3325 1134 3400 ...speras'.
1174 3326 1204 3383 in
1230 3322 1287 3382 hoc
1308 3339 1426 3398 quoquc
1447 3323 1516 3380 sub·

304 3416 483 3476 audiendum
511 3424 557 3479 est
582 3435 665 3496 esse,
696 3418 728 3477 id
754 3423 801 3476 est
825 3424 982 3494 nuptorum
1009 3435 1076 3477 esse
1101 3435 1156 3496 pro
1183 3422 1304 3493 nuptum
1330 3416 1386 3491 ire,
1417 3435 1515 3492 γαμη-

304 3507 493 3584 θήσεσθαι.”

380 3605 447 3663 481.
488 3605 662 3666 Macrobius
691 3609 865 3681 Saturum,
887 3609 912 3681 l,
931 3607 968 3663 43
996 3603 1149 3666 “Lucilius
1175 3604 1302 3682 (aliquot
1329 3605 1517 3680 exemplaria

304 3696 463 3775 Lucretius)
484 3699 513 3758 in
536 3701 662 3776 septimo
684 3701 798 3762 decimo
819 3700 1141 3776 ‘magna..non1ru'.”

381 3964 448 4026 470.
489 3975 571 4042 atquc
591 3965 703 4025 Iunios.

380 4043 447 4102 471.
490 4044 563 4120 Tyro
585 4048 769 4119 eupaterer'cm
784 4087 790 4102 .
803 4086 810 4100 .
821 4085 828 4101 .
839 4063 931 4115 onum,
952 4044 1127 4120 compernem
1146 4042 1190 4103 M.
1205 4040 1356 4119 Hauptius
1371 4043 1402 4102 in
1415 4043 1514 4103 Philo·

305 4119 377 4196 logo
398 4119 614 4180 Schneidewini
633 4141 643 4178 1
663 4139 693 4198 p.
709 4121 773 4180 163.

380 4197 448 4256 474.
486 4199 623 4257 Helenam
643 4196 789 4272 Scaliger.

382 4273 449 4334 476.
490 4274 583 4335 Ianus
604 4276 710 4335 Dousa
730 4275 846 4332 cambria
859 4273 979 4347 fodent.

382 4353 448 4412 482.
489 4354 604 4412 bonriais
625 4353 724 4413 nescio
745 4351 821 4430 quis.
862 4349 946 4410 Cous.
961 4368 1065 4411 comm.
1078 4351 1108 4410 in
1130 4350 1222 4410 Luor.
1238 4369 1266 4427 p.
1278 4352 1323 4411 81.
