3300 5166
318 377 361 444 52
886 377 952 430 XVI

427 546 558 615 novisse
571 548 689 614 'aiebat
710 548 893 631 solosque
917 546 958 612 de
980 546 1085 629 magis
1107 545 1187 611 istos

426 671 467 718 ex
488 649 598 716 nimbo
621 649 777 716 austellos
799 669 859 716 nec
880 667 976 716 nosse
999 667 1059 714 nec
1081 667 1152 715 esse
1174 653 1297 732 putare.

425 862 497 930 ‘hoo
519 863 608 928 aliud
629 862 728 946 longe
750 863 808 929 cst’
831 863 935 948 inquit
956 863 1012 948 qui
1036 882 1115 948 cepe
1137 861 1274 928 screbat.

781 1075 915 1161 Lysippi
938 1074 1083 1160 Iuppiter
1105 1076 1187 1140 istac

337 1189 386 1248 ⁴⁵5
423 1177 572 1245 transibit
595 1176 814 1263 quadraginta
836 1179 945 1244 cubita
967 1178 1044 1242 altu’
1070 1179 1220 1243 Tarento.

424 1393 457 1459 hi
480 1413 561 1478 quos
584 1390 718 1457 divitiae
740 1389 930 1475 producunt,
954 1396 986 1456 et
1008 1397 1106 1474 caput
1129 1395 1255 1474 ungunt

425 1495 623 1563 horridulum

428 1708 552 1792 legavit
575 1707 706 1790 quidam
729 1707 821 1771 uxori
845 1706 997 1772 mundum
1020 1725 1115 1771 omno
1137 1724 1329 1790 porrumque.

426 1810 504 1897 quid
526 1809 704 1875 mundum?
727 1809 805 1892 quid
827 1808 914 1873 non?
936 1829 1010 1874 uam
1033 1808 1107 1891 quis
1130 1805 1284 1872 diiudicet
1306 1806 1409 1871 istuc?

318 2129 371 2171 rex
398 2117 483 2170 cotus
511 2108 559 2167 ille
587 2111 656 2167 duos
678 2108 733 2167 hos
749 2124 975 2168 ...sovrssrun
1002 2109 1102 2169 aiebat
1128 2105 1234 2178 (alebat
1253 2104 1423 2179 Leidensis)
1451 2106 1530 2164 solos

318 2205 457 2279 nemagis
538 2219 592 2262 nec
621 2221 687 2263 csse
713 2204 752 2277 (ca
777 2199 947 2278 Leidensis)
974 2202 1113 2278 putar·e'.''
1206 2200 1321 2259 Paulus
1347 2199 1423 2258 libro
1442 2219 1473 2256 ru
1493 2218 1531 2258 ex

319 2298 411 2360 Festo
432 2316 460 2375 p.
473 2298 511 2356 54
532 2295 694 2371 “Demagis
708 2315 762 2372 pro
777 2297 870 2355 minus
886 2296 978 2371 (nimis
992 2295 1046 2353 viri
1061 2294 1152 2374 docti)
1169 2293 1281 2371 antiqui
1297 2293 1462 2353 dicebant.”

320 2390 506 2452 Glossarium
526 2389 684 2448 Philoxeni
704 2389 880 2465 “Demagis,
902 2387 1075 2468 coccineis?
1163 2389 1248 2448 Haec
1270 2388 1367 2446 omnia
1391 2388 1429 2447 ad
1454 2389 1530 2446 lrunc

319 2503 406 2544 unum
428 2483 535 2543 Lucilii
556 2501 672 2544 versum
692 2485 850 2561 pertinent.

396 2580 462 2638 453.
503 2577 618 2636 Nonius
633 2598 663 2655 p.
675 2582 743 2651 201,
758 2583 777 2637 4
798 2576 903 2654 “Oepe
917 2577 1034 2653 generis
1050 2575 1153 2634 neutri.
1176 2619 1220 2634 ...
1235 2573 1313 2632 idem
1333 2577 1449 2637 lib.xv1
1463 2578 1529 2637 ‘hoc

320 2717 327 2730 .
341 2717 347 2731 .
360 2717 367 2731 .
380 2670 532 2729 serebat'.'’

396 2764 463 2822 454.
504 2763 622 2822 Nonius
637 2783 666 2840 p.
676 2767 742 2838 201,
755 2768 790 2823 17
806 2763 955 2823 “Cubitus
971 2763 1124 2821 masculini
1138 2762 1266 2836 generis.
1291 2766 1384 2825 neutri
1397 2766 1529 2824 Lucilius

320 2863 483 2932 satyrarum
506 2856 557 2915 lib.
572 2875 625 2915 xvr
646 2857 765 2934 'lysippi
786 2858 915 2933 iuppiter
935 2875 1002 2912 rsra
1023 2861 1152 2914 tranavit
1166 2902 1172 2915 .
1184 2902 1191 2915 .
1204 2901 1210 2915 .
1223 2860 1374 2918 tarento'.”

394 2950 461 3007 456.
501 2949 531 3007 N
534 2952 618 3008 onius
633 2969 662 3027 p.
673 2954 741 3026 422,
752 2955 788 3010 33
805 2951 984 3010 “Horridum
996 2949 1167 3025 plerumque
1182 2957 1303 3010 exstans
1318 2959 1348 3011 et
1360 2955 1527 3030 prominens

318 3047 350 3102 et
362 3052 506 3100 termarum
521 3041 569 3119 (l).
591 3090 635 3103 ...
652 3044 784 3104 Lucilius
799 3051 964 3120 satyrarum
985 3043 1035 3101 lib.
1051 3062 1102 3100 xvr
1119 3042 1180 3100 ‘nrr
1195 3045 1255 3119 (crit
1269 3045 1438 3125 Leidensis)
1455 3065 1528 3125 quos

319 3181 325 3195 .
338 3181 344 3196 .
357 3135 591 3196 ‚horridulum’.''

397 3231 464 3290 458.
506 3228 619 3290 Gellius
640 3236 710 3304 rv,1
734 3229 895 3290 “Mundum
917 3249 1033 3309 quoque
1055 3231 1226 3288 muliebrem
1246 3229 1379 3290 Lucilius
1408 3235 1436 3292 in
1459 3235 1528 3294 sati·

317 3341 414 3388 rarum
436 3332 509 3382 secto
531 3327 634 3382 decimo
657 3340 713 3381 non
737 3325 812 3382 virili
833 3343 958 3402 genere,
979 3333 1011 3384 ut
1031 3325 1137 3398 ceteri,
1165 3323 1219 3382 sed
1239 3333 1345 3385 neutro
1365 3328 1529 3403 appellavit

317 3417 367 3492 bis
394 3417 539 3480 versibus.
580 3417 700 3492 ‘legavit
715 3462 722 3476 .
735 3462 760 3476 ..
781 3436 865 3477 omne
888 3418 985 3496 (addit
1009 3429 1092 3494 utque
1113 3416 1208 3475 codex
1229 3416 1387 3495 Schoppii)
1409 3438 1527 3496 penum-

316 3529 375 3588 que
391 3510 519 3587 ...quid
540 3529 598 3569 non
616 3529 682 3570 nam
704 3512 818 3588 (penum
839 3531 893 3590 pro
912 3533 969 3570 non
981 3532 1047 3569 com
1069 3510 1165 3569 codex
1187 3509 1344 3587 Schoppii)
1366 3515 1432 3589 quis
1455 3515 1527 3573 diiu-

319 3605 399 3665 dicet
420 3604 481 3682 (qui
500 3605 605 3663 diuidet
623 3604 714 3680 idem)
736 3605 868 3664 isthuo'.''
960 3605 1075 3665 Nonius
1099 3622 1128 3679 p.
1148 3604 1213 3677 214,
1235 3602 1267 3663 li
1291 3604 1446 3666 “Mundus
1467 3626 1528 3665 mu-

317 3700 397 3759 lieris
414 3699 469 3776 (sic
484 3699 688 3772 Basileeuses)
703 3699 820 3774 generis
836 3699 1000 3758 masculini.
1031 3699 1126 3757 neutri
1141 3696 1274 3756 Lucilius
1294 3698 1344 3757 lib.
1365 3713 1435 3753 xrrr
1446 3699 1528 3776 ‘loyor

321 3794 407 3853 uxori
427 3791 566 3852 mundum
587 3807 672 3851 omne
693 3792 895 3868 penumque'.''

318 4039 439 4116 iungere
460 4057 526 4099 curn
547 4037 688 4098 adverbio
708 4036 788 4113 quod
809 4056 867 4097 non
879 4037 1071 4113 significaret
1088 4039 1194 4097 locum.
1225 4038 1282 4097 iam
1300 4040 1370 4117 qnia
1383 4040 1528 4116 syllabam

317 4117 465 4176 excidisse
487 4120 626 4193 apparet,
653 4120 725 4190 puto
748 4115 936 4174 scribendum
956 4132 1022 4174 esse
1048 4135 1100 4191 quo
1121 4118 1155 4172 de
1178 4122 1281 4192 macc,
1301 4117 1382 4194 quod
1405 4117 1528 4175 Verrius

319 4194 447 4254 Flaccus
469 4195 618 4270 putaverit
639 4208 706 4250 esse
726 4211 779 4266 qao
793 4198 891 4269 maffia,
911 4209 977 4250 cum
998 4191 1121 4250 deberet
1139 4192 1182 4251 itu
1199 4193 1396 4270 interpretari,
1417 4194 1527 4270 quade

317 4287 349 4329 re
370 4272 465 4346 magis
485 4271 528 4329 ita
546 4271 662 4343 sentire,
683 4285 779 4343 neque
794 4286 882 4326 nosse
898 4286 929 4327 se
945 4286 995 4328 eos
1010 4286 1104 4344 neque
1119 4275 1224 4344 putare
1239 4271 1357 4329 omnino
1373 4288 1449 4329 esse.

394 4349 461 4406 451.
501 4353 606 4406 uouisse
626 4345 737 4405 Iunius.
1334 4363 1337 4368 ·

393 4425 459 4482 456.
500 4427 541 4481 Hi
561 4444 630 4500 quos
650 4423 760 4482 lunius
