3300 5166
226 828 339 876 caseus
364 811 463 876 alium
486 810 552 877 olet

373 981 446 1047 calx

644 1177 834 1242 maurosque
859 1157 1027 1242 palumbes
1124 1143 1128 1152 ’

134 1327 186 1388 390
225 1323 295 1408 ipse
318 1325 396 1407 ecu’‚
421 1344 485 1389 uon
508 1325 667 1411 formosu’‚
692 1327 879 1412 gradarius,
903 1329 1034 1413 optimu'
1059 1335 1177 1411 vector,

226 1494 351 1597 Publiu'
376 1494 476 1562 Pavu'
500 1497 576 1562 mihi
602 1496 790 1585 [tubitauus]
815 1506 967 1582 quaestor
990 1499 1112 1565 Hibera

228 1595 260 1658 iu
282 1603 368 1661 terra
388 1597 457 1683 fuir,
481 1599 651 1684 lucifugos,
675 1601 791 1667 nebulo
814 1602 849 1666 id
871 1601 965 1683 geuu'
986 1621 1076 1667 sane.

227 1765 304 1831 idne
326 1788 423 1850 aegre
446 1774 495 1834 est
516 1770 629 1852 magis,
654 1790 696 1835 an
720 1770 808 1862 quod
831 1791 916 1855 pane
940 1777 971 1836 et
992 1772 1116 1838 viscere
1140 1772 1255 1857 privo?

228 1867 327 1952 ‘quod
348 1871 455 1936 viscus
478 1871 617 1937 dederas
639 1879 684 1949 tu,
707 1872 801 1956 idem,
825 1872 887 1938 hoe
908 1879 957 1939 est
979 1875 1113 1957 viscera,
1137 1875 1241 1957 largi!

196 2124 263 2186 387.
306 2124 461 2186 Charisius
482 2145 511 2204 p.
529 2129 565 2186 60
586 2126 724 2188 “Caseus
751 2130 904 2188 masculini
932 2131 1050 2205 generis
1075 2137 1130 2190 est.
1219 2136 1250 2189 et
1271 2131 1331 2188 Lu-

120 2221 204 2280 cilius
225 2220 255 2278 iu
277 2219 390 2280 decimo
411 2226 516 2297 quarto
538 2220 653 2281 ‘caseus
675 2223 763 2282 alium
786 2223 814 2281 ol
829 2225 883 2284 ,,.’
904 2221 960 2300 (sic
984 2224 1220 2284 Lindemannus:
1241 2224 1331 2284 editio

119 2315 216 2391 prima
237 2332 330 2372 cauma
349 2315 399 2371 ala
418 2314 559 2389 molliet).”
1264 2310 1269 2318 ’

197 2409 264 2468 388.
306 2406 459 2466 Charisius
481 2425 509 2484 p.
526 2406 562 2467 72
583 2409 686 2470 “Calx
707 2409 806 2485 igitur,
834 2410 897 2469 sive
922 2428 980 2488 qua
1000 2409 1164 2486 calcamus,
1191 2412 1253 2470 sive
1275 2430 1334 2488 qua

121 2502 323 2575 aedificamus,
346 2500 477 2560 feminini
497 2504 615 2576 generis
637 2509 693 2577 est,
713 2510 746 2562 ut
765 2512 796 2563 et
815 2503 962 2580 Virgilius
985 2503 1025 2562 ait
1046 2503 1167 2565 ‘ferrata
1182 2505 1270 2565 'calce
1289 2505 1303 2562 l
1321 2537 1331 2548 -

122 2596 220 2671 tigat’.
262 2595 315 2654 sed
337 2602 366 2654 et
387 2595 518 2655 Lucilius
539 2614 604 2655 xuu
625 2597 789 2656 masculino
810 2614 918 2672 genere
940 2597 1042 2656 dixit.’'

198 2692 264 2749 389.
308 2688 462 2748 Charisius
487 2708 517 2766 p.
531 2691 568 2748 82
593 2689 759 2749 “Palumbcs
786 2690 931 2766 Virgilius
958 2691 1096 2750 feminino
1123 2711 1231 2767 genere
1259 2692 1334 2751 dixit

182 2783 238 2844 sed
260 2782 394 2843 Lucilius
414 2801 466 2840 xiv
487 2783 647 2842 masculine
670 2782 854 2860 ‘maurosque
870 2786 1034 2859 palumbos'.
1071 2786 1167 2845 Varro
1188 2792 1283 2846 autem
1304 2787 1334 2844 in

123 2875 237 2937 Scauro
253 2878 381 2953 palumbi
402 2876 482 2953 dicit,
503 2875 582 2954 quod
604 2877 787 2935 cousuetudo
810 2895 927 2954 quoque
949 2878 1130 2955 usurpavit.”
1219 2880 1334 2939 Nouius

120 2991 149 3048 p.
163 2974 264 3047 219,6
285 2969 436 3030 “Palumbi
455 2970 605 3029 feminino.
637 2969 722 3046 Virg.
736 2971 765 3029 in
787 2971 930 3030 bucolicis
946 2972 1166 3049 ...palumbes
1199 2971 1333 3031 Lucilius

120 3065 170 3125 lib.
185 3084 253 3122 xurr
273 3065 458 3141 ‘maurosque
478 3063 671 3141 palumbes'.”

198 3159 264 3219 390.
305 3159 422 3218 Nonius
444 3177 472 3235 p.
489 3156 535 3230 ll,
552 3158 590 3215 24
611 3155 796 3217 “Gradarius
823 3165 869 3218 est
894 3159 974 3218 molli
1000 3159 1094 3234 gradu
1121 3165 1151 3218 et
1177 3158 1239 3218 siue
1267 3178 1332 3219 suc·

121 3259 277 3311 cassatum
297 3254 414 3312 nitens.
457 3251 590 3310 Lucilius
617 3258 781 3311 saturarum
802 3252 852 3312 lib.
868 3271 934 3311 xuu
958 3251 1032 3329 ‘ipse
1043 3251 1047 3260 '
1058 3271 1127 3312 ecus
1142 3298 1149 3312 .
1162 3299 1187 3312 ..
1203 3255 1332 3331 optimus

119 3346 274 3406 vrcrorr’.''

196 3441 262 3499 391.
303 3439 418 3500 Nouius
438 3458 466 3516 p.
485 3442 531 3512 18,
549 3441 586 3497 32
607 3437 801 3498 “Nebulones
819 3446 849 3499 et
868 3441 1059 3501 tenebriones
1074 3439 1226 3501 ...Lucil
1244 3449 1332 3517 satyr.

120 3532 254 3593 librum
280 3532 422 3594 ‘Publius
449 3551 545 3610 pavus
573 3531 642 3590 mihi
670 3533 822 3592 tubitauus
849 3533 1019 3608 (turbitauus
1042 3534 1199 3594 Leidensis
1227 3536 1332 3611 codex,

121 3629 263 3686 mutuum
283 3628 351 3686 olim
372 3629 521 3705 impressi)
537 3673 582 3687 ...
598 3626 705 3687 saue'.'’

160 3721 163 3728 ’
199 3722 265 3782 393.
306 3720 423 3782 Nonius
444 3719 605 3799 p.184,1t
628 3720 759 3780 “Viscus
780 3719 909 3797 positum
929 3738 984 3796 pro
999 3721 1111 3781 viscere
1128 3726 1266 3791 (uiscera).

121 3813 254 3874 Lucilius
276 3821 440 3892 satyrarum
462 3815 513 3876 lib.
528 3833 595 3870 xuu
616 3813 694 3872 ‘idne
715 3832 810 3872 suom
831 3821 937 3873 est...
953 3815 1080 3876 dederas
1101 3822 1132 3875 tu
1151 3833 1270 3876 curuum

121 3908 232 3986 largi'.”
333 3907 419 3969 Idem
445 3927 475 3987 p.
489 3905 556 3984 470,
579 3908 618 3965 24
644 3905 767 3984 “Largi
792 3926 848 3984 pro
874 3908 1002 3983 largire.
1038 3907 1171 3966 Lucilius
1197 3907 1247 3966 lib.
1264 3907 1332 3965 rimu

124 4001 214 4080 'quod
235 4002 334 4062 viscus
350 4009 437 4062 ...tu
459 4019 577 4063 ouroau
593 4047 599 4060 .
612 4046 619 4060 .
632 4046 638 4060 .
651 4001 763 4076 largi'.”

123 4144 323 4153 -—-——-——

199 4219 266 4277 390.
306 4226 399 4276 uector
419 4216 523 4276 Iunius
543 4216 573 4274 in
594 4215 736 4289 margine.

199 4295 266 4354 391.
305 4296 454 4354 Meroerus
481 4301 512 4353 et
531 4294 636 4353 Dousa
665 4295 835 4365 Tuditanum
861 4293 940 4370 quod
968 4291 1018 4369 qui
1044 4292 1185 4368 probabit
1209 4291 1333 4352 debebit

126 4371 253 4432 scribere
274 4372 384 4430 Publiu'
406 4371 493 4430 Pavu'
519 4372 672 4429 Tuditanus
690 4373 763 4430 mibi.
