3298 5170
614 276 753 333 1-xxv.'
775 281 855 335 XXX

141 448 163 491 *
236 440 421 536 01000100,
445 455 482 517 01
502 441 632 536 iactare,
656 471 715 518 nec
738 471 772 517 es
795 454 865 520 sati'
892 453 1033 536 cognitu'
1060 456 1115 538 qui
1138 455 1199 521 sisl

139 557 217 618 1000
241 551 274 616 10
297 571 359 636 000
383 551 505 618 Laelin’
528 553 692 637 clamores,
717 553 824 641 σοφὸς
846 552 1059 640 0100010001

236 654 343 738 edere,
367 654 554 742 conpellans
576 655 702 738 gumias
725 676 764 724 00
788 657 901 728 ordine
923 663 1060 723 nostros.

237 756 266 822 ‘o
289 757 393 842 Publi,
417 777 436 822 0
459 776 588 842 gurges,
614 759 754 844 Galloni,
779 778 813 824 es
836 759 931 828 homo
949 760 1061 850 ,miser'
1083 762 1198 846 inquit.

237 857 370 926 ‘cenanti
391 861 426 925 in
447 859 516 926 vita
537 880 711 942 numquam
733 861 825 947 bene,
851 882 921 928 cum
945 863 1055 929 omnia
1077 864 1111 928 iu
1134 848 1197 930 ista

238 961 400 1028 consumis
424 961 660 1050 0001110010οθ
680 962 871 1048 acipensere
893 984 965 1031 cum
988 965 1178 1040 decumano.

119 1150 216 1217 *1001
474 1166 478 1170 ·
726 1175 728 1178 ·
886 1154 967 1221 0000
991 1160 1089 1242 00010,

239 1252 377 1339 0001110,
399 1274 547 1321 sermone
572 1254 666 1339 0000,
690 1259 731 1338 01,
754 1256 782 1320 01
807 1257 1109 1342 000001’,11000100.’
1185 1273 1189 1278 ·

146 1444 169 1486 ’⁸‘
236 1443 315 1528 quid
338 1442 451 1528 decius
470 1443 620 1514 nuculam
643 1443 865 1511 0000011000
888 1446 938 1514 vis
961 1445 1068 1513 faeere
1090 1448 1204 1533 iuquit.

207 1728 274 1790 999.
309 1730 391 1788 1005.
435 1727 544 1790 Cicero
555 1729 602 1788 ¹de
622 1729 670 1794 110.
684 1731 753 1790 000.
769 1736 799 1790 01
819 1731 887 1791 mal.
903 1750 933 1807 rr,
948 1734 975 1807 8,
990 1731 1036 1789 24.
1051 1733 1088 1790 25
1110 1730 1195 1792 “Nec
1209 1731 1268 1806 illc,
1290 1731 1342 1807 qui

126 1821 296 1899 Diogenem
310 1819 444 1884 Stoicum
458 1823 644 1899 adulescens,
660 1831 730 1900 post
743 1831 840 1886 autern
854 1825 1030 1896 Panaetium
1046 1825 1190 1901 audierat,
1209 1825 1342 1900 Laelius,

127 1934 166 1976 00
187 1916 284 1977 dictus
304 1924 352 1979 001
377 1919 497 1996 0001000
525 1920 605 1995 quod
632 1937 690 1978 non
718 1919 906 1994 intellegeret
931 1919 1002 1997 quid
1031 1920 1235 1986 suavissimum
1261 1923 1344 1984 00001

127 2010 197 2089 (000
217 2013 302 2072 0010·
315 2013 457 2090 sequitur¹
470 2019 511 2088 ut,
536 2014 584 2072 cui
604 2032 655 2074 cor
676 2013 784 2092 000101,
803 2013 830 2071 01
851 2031 909 2072 000
925 2014 1025 2089 000101
1040 2013 1344 2092 palatus),·sedquia

127 2107 217 2184 parvi
236 2106 268 2165 id
288 2106 420 2167 duceret.
453 2106 481 2165 ‘o
504 2107 627 2185 lapatbe
642 2107 861 2169 ...necessatis
889 2109 1012 2184 cognitu
1038 2110 1089 2187 qui
1115 2110 1155 2168 sis
1171 2108 1342 2184 ...gumias

128 2201 190 2277 (010
210 2201 370 2261 Ρο1011000
396 2201 524 2279 primus,
550 2222 664 2279 promas
684 2202 889 2276 Erlangensis,
908 2201 1087 2279 0000000111)
1109 2220 1146 2260 00
1167 2203 1270 2261 ordine
1291 2221 1342 2262 no·

128 2294 229 2355 atros'.
253 2294 407 2372 praeclare
421 2296 552 2373 Laelius„
568 2302 692 2367 etracte
707 2294 813 2376 σοφός.
841 2295 973 2371 illudque
992 2313 1059 2355 vere
1077 2295 1103 2353 ‘o
1118 2296 1209 2356 Publi
1223 2297 1340 2358 ...aei-

129 2407 256 2466 0000000
271 2389 421 2466 (eremana
433 2409 496 2449 aere
513 2391 670 2451 Palatinus
687 2391 808 2467 primus,
824 2392 959 2450 00000001
972 2409 1034 2450 aere
1051 2389 1260 2466 Erlangensis)
1275 2409 1341 2450 cum

128 2484 311 2544 decumano'.
338 2485 363 2544 is
384 2483 458 2544 haec
479 2485 612 2562 loquitur
629 2486 688 2562 qui,
708 2485 738 2543 in
760 2485 912 2561 voluptate
930 2483 1002 2541 nihil
1020 2501 1145 2560 ponens,
1165 2490 1256 2560 negat
1276 2503 1342 2544 000
1455 2543 1457 2552 ,

126 2579 205 2638 0000
225 2596 332 2638 cenare
353 2579 404 2655 qui
424 2581 521 2639 omnia
535 2586 629 2657 00001
642 2581 855 2656 inuoluptate:
878 2583 1021 2638 ettamen
1036 2596 1094 2637 000
1107 2584 1199 2654 negat
1214 2579 1343 2638 libenter

127 2689 267 2750 umquam
292 2690 416 2733 cenasse
437 2673 607 2734 Gallonium
629 2674 813 2750 (mentiretur
832 2672 931 2751 0010),
954 2673 1007 2732 sed
1028 2674 1113 2732 bene.
1144 2673 1187 2732 ita
1202 2674 1343 2748 graviter

127 2775 160 2827 et
179 2784 280 2828 serere
302 2768 485 2845 voluptatem
507 2768 634 2831 secernit
655 2787 673 2827 a
692 2769 780 2827 bono.
810 2785 847 2826 00
868 2786 926 2845 000
946 2767 1017 2826 illud
1040 2767 1175 2840 efficitur,
1196 2768 1342 2843 quibeue

128 2851 251 2937 cenent,
273 2878 374 2921 omnes
395 2860 522 2922 libenter
542 2880 663 2937 cenare,
684 2861 736 2939 qui
755 2863 890 2936 libenter,
911 2879 968 2920 nou
991 2862 1132 2920 continuo
1151 2861 1236 2920 bene.
1268 2879 1342 2921 sem·

127 2959 186 3033 per'
204 2955 329 3016 Laelius
351 2956 436 3016 0000.
462 2957 533 3034 quid
553 2955 648 3016 00001
669 2955 912 3016 dicet-Lucilius:
934 2955 1040 3031 ‘cocta
1061 2955 1198 3016 condito’.
1224 2954 1276 3014 sed
1295 2973 1340 3014 ce·

128 3051 167 3110 dc
193 3055 286 3128 caput
308 3067 414 3113 cenae:
440 3051 584 3111 ‘sermone
609 3050 705 3110 bono'.
736 3050 807 3127 quid
832 3069 868 3110 00
893 3049 949 3109 001
977 3050 1013 3110 ‘si
1037 3050 1171 3127 quaeris,
1192 3049 1341 3127 libenter'c

126 3144 268 3205 veniebat
290 3143 367 3204 enim
392 3144 432 3204 ad
457 3161 561 3204 cenam
584 3150 616 3204 01
640 3145 739 3204 00100
759 3146 860 3221 001010
881 3144 1004 3204 satiaret
1024 3143 1173 3203 desideria
1193 3145 1342 3203 naturae.”

208 3241 290 3298 Acro
315 3239 354 3297 ad
374 3239 492 3298 Horatii
516 3257 683 3304 sermonum
705 3257 738 3314 11,
752 3241 779 3314 2,
793 3236 829 3297 tt
852 3237 982 3298 ‘Galloni
1006 3238 1165 3315 praeconis
1191 3241 1258 3296 erat
1282 3238 1341 3297 aci·

127 3349 255 3412 pensare
276 3348 380 3393 mensa
400 3333 543 3394 Infamis'.
580 3332 756 3393 “Gallonius
778 3332 897 3408 quidam
919 3331 973 3390 1011
993 3349 1119 3408 praeco,
1141 3333 1191 3407 qui
1211 3329 1343 3390 habebat

127 3432 305 3505 apparatum
324 3427 498 3488 convivium,
522 3445 618 3504 0000
637 3426 772 3486 Lucilius
794 3425 881 3484 etiarn
901 3426 1010 3503 pulsat.
1044 3423 1202 3496 01001100
1224 3424 1342 3499 acipen-

127 3539 224 3582 serem
246 3522 307 3582 ruis
329 3523 472 3582 conviviis
494 3521 681 3582 exhibebat.'’
776 3519 882 3580 Oicero
902 3519 988 3598 epist.
1019 3518 1059 3578 ad
1079 3517 1212 3576 Atticum
1226 3537 1291 3592 001,
1304 3520 1341 3577 52

127 3615 258 3693 “Itaque
278 3621 308 3675 01
328 3614 391 3696 edit
415 3620 446 3674 et
466 3616 542 3676 bibit
563 3609 662 3684 ἀδεῶς
683 3619 714 3673 01
733 3613 877 3689 iucunde,
899 3614 1022 3690 opipare
1044 3629 1115 3672 sane
1136 3618 1166 3670 et
1186 3618 1342 3688 apparate,

125 3725 185 3769 nec
204 3709 236 3767 id
258 3709 362 3786 solum,
386 3710 440 3769 sed
460 3709 545 3770 ‘bena
566 3715 668 3782 00010,
690 3707 820 3782 condito,
842 3725 976 3766 sermone
998 3708 1086 3780 bono,
1108 3705 1342 3781 0001000000,

126 3803 290 3863 libanter'.”
506 3868 511 3874 ,
1061 3873 1065 3878 ¹
1085 3871 1088 3880 1
1330 3841 1337 3854 κ

207 3894 292 3958 1001.
335 3894 443 3957 Cicero
465 3897 501 3958 de
523 3905 641 3960 oratore
656 3917 688 3974 rr,
700 3899 746 3974 62,
758 3897 814 3955 253
836 3894 1009 3971 “Ambigua
1030 3893 1257 3972 000110001οἰ0
1272 3910 1340 3953 acu-

127 3996 161 4052 ta
182 3996 273 4068 atquc
293 3990 322 4050 in
343 3991 435 4051 verbo
456 3991 564 4070 posita,
585 4011 644 4053 non
658 3991 688 4051 in
701 4009 733 4050 re
749 3994 837 4050 ...01
851 3989 923 4048 illud
940 3989 1085 4064 Africani,
1106 3988 1187 4065 quod
1201 3995 1248 4047 est
1259 3987 1340 4065 apud

128 4085 288 4162 Lucilium,
309 4085 391 4163 ‘quid
408 4077 593 4164 L..inquit’.'’
639 4155 642 4164 ¹
1234 4087 1238 4096 '

206 4345 271 4403 999.
292 4339 414 4402 *0001
430 4359 532 4400 0000.
548 4342 577 4400 10
599 4341 688 4400 Lucu.
710 4359 738 4417 p.
754 4343 804 4400 29.

1243 4694 1546 4848 ,ἢ
