3298 5170
314 343 374 407 108
801 343 937 394 1-xxv.
961 343 1041 393 xxx

340 513 359 553 i
425 512 531 594 ‘quam
556 512 661 596 lepide
684 512 994 597 lexeis.compostae
1016 516 1051 576 nt
1073 512 1251 580 tesserulae
1273 532 1385 580 omnes

425 619 494 680 arte
516 614 692 699 pavimenti
715 619 812 699 atquc
835 614 1026 682 emblemate
1047 613 1265 682 vermiculato.

316 805 385 871 *991
429 805 590 872 ‘Crassum
613 805 717 872 habeo
741 801 903 889 generum,
927 825 968 870 ne
990 803 1225 870 rhetoricotero’
1250 804 1360 871 tusis.
1397 877 1400 882 ,

334 995 354 1036 *
877 989 986 1078 quibu’
1008 989 1119 1059 vinum

423 1096 571 1162 defusum
595 1118 613 1162 e
637 1099 734 1182 pleno
756 1098 798 1162 sit
820 1096 962 1162 hirsizon
985 1097 1035 1162 cui
1058 1096 1105 1162 nil

427 1199 504 1264 dum
527 1201 641 1268 sitris
666 1207 696 1266 et
719 1201 866 1266 sacculus
893 1199 1060 1265 abstulerit

391 1407 456 1464 993.
488 1404 552 1464 995.
596 1403 704 1463 Cicero
725 1407 762 1466 de
790 1410 907 1466 oratore
922 1424 965 1480 nr,
984 1407 1031 1478 43,
1048 1402 1102 1464 111
1125 1402 1365 1465 “collocationis
1386 1409 1433 1463 est
1454 1421 1540 1463 com-

315 1516 426 1578 ponere
440 1505 469 1558 et
484 1503 598 1558 struere
615 1499 707 1559 verba
721 1500 764 1560 sic
785 1507 817 1559 ut
833 1517 906 1559 neve
922 1517 1012 1577 asper
1033 1516 1135 1558 eorum
1148 1515 1313 1558 concursus
1328 1514 1402 1556 nere
1416 1496 1540 1556 hiulcus

316 1595 362 1669 sit,
384 1593 437 1652 sed
453 1592 584 1669 quodam
604 1594 693 1654 modo
708 1601 934 1671 coagmentatus
956 1600 986 1653 41
1003 1595 1086 1654 levis.
1120 1594 1150 1652 in
1172 1610 1232 1670 quo
1245 1592 1346 1670 lepide
1360 1592 1459 1652 soceri
1480 1592 1542 1650 mei

318 1705 448 1765 persona
467 1687 539 1746 lusit
558 1687 648 1765 isqui
668 1689 888 1764 elegantissime
910 1689 941 1748 id
958 1689 1056 1750 lacere
1072 1689 1178 1767 potuit,
1200 1686 1350 1746 Lucilius:
1371 1685 1473 1763 ‘qnam
1494 1686 1539 1746 le·

318 1782 388 1861 pide
409 1781 502 1840 lexeis
524 1780 568 1858 (ee
587 1785 611 1840 is
625 1781 721 1841 codex
735 1784 949 1844 Abrincensis:
971 1784 1001 1842 in
1015 1783 1082 1844 aliis
1100 1783 1185 1862 aliter
1198 1787 1354 1859 peccatum
1376 1781 1433 1851 est)
1455 1798 1538 1840 com-

317 1884 424 1954 postae
441 1875 572 1954 (codices
587 1875 648 1934 fere
664 1878 841 1956 compositae)
856 1924 862 1937 .
877 1921 883 1937 .
898 1924 904 1938 .
917 1885 980 1937 arte
989 1882 1148 1956 pauimento
1163 1875 1428 1938 ...vermiculato'.
1457 1893 1538 1952 quae
1632 1905 1633 1910 1

315 1990 382 2031 cum
399 1971 526 2029 dixisset
541 1971 569 2028 in
584 1971 743 2030 Albucium
759 1971 895 2048 illudens,
918 1991 954 2032 ne
969 1991 987 2031 a
1002 1990 1048 2032 me
1069 1969 1187 2049 quidem
1204 1971 1357 2031 abstinuit:
1380 1969 1538 2035 ‘Crassum

316 2114 321 2126 .
339 2112 364 2126 ..
381 2083 417 2125 ne
439 2063 661 2125 rhetoricotero'
682 2066 769 2125 tusis
786 2065 830 2143 (ue
849 2067 1001 2127 rhoetorico
1019 2077 1042 2126 tc
1054 2069 1139 2142 rufius
1157 2071 1195 2125 414
1209 2066 1305 2126 codex
1321 2064 1537 2124 Abrincensis:

314 2163 343 2219 in
364 2161 428 2220 aliis
450 2160 509 2219 alia
530 2159 603 2218 vitia
626 2159 744 2235 sunt)'.''
822 2159 938 2220 Nonius
952 2180 982 2238 p.
1000 2163 1067 2236 188,
1083 2161 1124 2219 24
1145 2158 1387 2219 “Vermiculatim
1402 2160 1457 2235 (sic
1473 2160 1537 2218 Ba·

316 2257 475 2316 sileenses:
503 2255 719 2315 Vermiculutom
739 2255 810 2314 olim
830 2255 979 2334 impressi)
1001 2273 1056 2333 pro
1076 2256 1197 2338 minuto.
1229 2253 1335 2314 Cicero
1356 2254 1394 2312 de
1415 2254 1457 2330 (ia
1472 2255 1536 2315 Ba·

315 2350 469 2426 sileenses)
491 2355 608 2408 oratore
631 2349 683 2407 lib.
696 2367 730 2404 111
751 2348 837 2408 ‘lexis
859 2356 991 2426 conposui
1011 2361 1038 2409 et
1056 2352 1090 2409 ut
1109 2349 1275 2410 tessurulae
1296 2347 1352 2424 (sic
1374 2347 1534 2407 Basileen·

315 2441 380 2504 ses:
408 2443 561 2502 emendate
593 2443 662 2502 olim
687 2442 836 2522 impressi)
866 2439 967 2505 om'nes
988 2452 1051 2505 arte
1065 2447 1225 2520 pavimento
1247 2447 1337 2519 atque
1358 2442 1535 2502 emblemate

315 2537 541 2597 vermiculato'.''
643 2535 753 2595 Cicero
776 2539 805 2597 in
827 2539 1082 2614 444141444149
1103 2536 1131 2596 “.
1145 2584 1150 2596 .
1164 2584 1169 2596 .
1182 2537 1261 2616 quod
1283 2537 1364 2615 apud
1385 2537 1535 2596 Lucilium

315 2633 388 2692 scite
410 2633 545 2707 exagitat
564 2632 594 2688 in
617 2631 749 2690 Albucio
772 2631 929 2709 Scaevola,
950 2631 1048 2708 ‘quam
1069 2631 1168 2709 lepide
1189 2625 1281 2701 λέξεις
1300 2636 1474 2708 compostae

314 2733 377 2786 arte
393 2731 555 2802 paoirncuto
571 2772 576 2783 .
590 2771 596 2782 .
610 2771 615 2782 .
629 2726 857 2784 vermiculato'.''
947 2725 1030 2788 Idem
1045 2727 1075 2784 in
1090 2727 1187 2784 Bruto
1201 2723 1247 2798 19,
1262 2721 1319 2783 214
1332 2724 1464 2783 “nullum
1480 2724 1534 2783 nisi

314 2823 382 2880 loco
407 2821 535 2896 positum
561 2826 591 2880 et
616 2825 772 2895 tamquam
792 2821 822 2878 in
852 2821 1042 2880 vermiculato
1068 2820 1259 2890 emblemate,
1281 2821 1314 2878 41
1334 2819 1376 2878 ait
1390 2819 1533 2893 Lucilius,
1632 2827 1633 2848 ¹

316 2922 458 2974 structum
480 2915 600 2974 verbum
615 2914 758 2974 videres.'’
837 2915 952 2976 Plinius
969 2916 1037 2976 hist.
1053 2919 1114 2975 nat.
1125 2932 1230 2988 xxxvl,
1245 2915 1292 2988 25,
1307 2915 1343 2971 61
1359 2912 1533 2990 “Frequen-

315 3015 379 3069 tata
399 3027 468 3067 vero
490 3009 660 3084 pavimenta
681 3016 749 3069 aute
770 3010 951 3070 Cimbricum
972 3011 1105 3086 (bellum)
1128 3026 1238 3084 magna
1258 3008 1356 3083 gratia
1371 3007 1532 3067 animorum

314 3102 424 3160 indicio
445 3109 490 3162 est
510 3102 684 3162 Lucilianus
710 3103 760 3162 ille
787 3122 892 3182 versus
919 3104 994 3163 ‘arte
1009 3107 1164 3180 pavimenti
1186 3102 1242 3181 (sic
1270 3102 1366 3162 codex
1388 3102 1531 3160 Bamber·

316 3197 416 3271 gensis
437 3198 560 3272 aliique:
582 3196 632 3255 alii
651 3196 825 3272 pauimenta)
842 3198 1092 3257 ...vermiculato
1114 3197 1316 3274 (vermiculatus
1329 3196 1532 3272 Bambergen-

315 3288 404 3365 sis)’.''
504 3289 706 3368 Quintilianus
722 3293 805 3367 rx,4,
822 3293 877 3351 113
898 3290 926 3351 “.
938 3338 943 3350 .
956 3338 962 3351 .
975 3292 1000 3350 si
1021 3290 1141 3368 quidem
1161 3291 1265 3350 relicto
1286 3281 1381 3350 rerum
1402 3289 1531 3367 pondere

316 3401 352 3443 ac
377 3385 472 3444 nitore
499 3390 671 3462 contempto
691 3386 874 3461 tesserulae,
894 3391 927 3444 41
946 3385 988 3446 411
1010 3386 1158 3461 Lucilius,
1180 3391 1274 3444 struet
1293 3387 1325 3444 et
1345 3384 1531 3462 vermiculate

315 3481 391 3538 inter
412 3497 444 3538 sc
465 3479 540 3538 lexis
562 3477 761 3540 committet'.’'
1233 3550 1237 3560 Ι

392 3573 456 3633 996.
498 3575 604 3635 Cicero
626 3573 663 3632 de
678 3574 726 3632 fin.
742 3574 811 3632 bon.
827 3579 856 3632 et
870 3577 938 3634 mal.
950 3594 980 3651 n,
992 3578 1020 3650 8,
1031 3576 1068 3632 23
1090 3573 1251 3650 “Mundos,
1272 3575 1436 3650 elegantes,
1455 3573 1528 3650 opti·

315 3667 369 3726 mis
394 3669 485 3744 cocle,
510 3667 683 3746 pistoribus,
705 3667 831 3744 piscatu,
854 3671 990 3747 aucupio,
1012 3669 1179 3741 venatione,
1202 3668 1248 3728 his
1270 3669 1407 3730 omnibus
1429 3668 1527 3744 exqui-

316 3760 396 3837 sitis,
417 3763 544 3822 vitantes
567 3761 760 3835 cruditatem,
781 3763 888 3839 quibus
911 3762 1019 3822 ‘vinum
1041 3761 1174 3821 defusum
1197 3781 1213 3822 e
1233 3762 1323 3839 pleno
1345 3762 1383 3820 sit
1402 3760 1528 3822 hirsizon

316 3853 371 3930 (sic
400 3856 495 3915 codex
517 3856 673 3915 Palatinus
695 3856 820 3932 primus,
848 3858 973 3934 hrysizon
993 3856 1204 3932 Erlangensis,
1229 3857 1370 3932 biroipboa
1395 3856 1473 3933 aliil',
1497 3864 1528 3917 ut

316 3951 358 4008 ait
372 3950 520 4025 Lucilius,
542 3949 601 4009 ‘cui
615 3949 687 4008 nihil
709 3949 778 4007 dum
792 3949 830 4010 sit
845 3951 889 4010 vis
906 3958 937 4010 et
950 3953 1087 4010 sacculus
1104 3950 1278 4024 abstulerit,
1300 3949 1475 4010 adhibentes
1488 3951 1527 4008 lu-

317 4043 372 4102 dos
393 4049 423 4102 et
438 4061 513 4119 quae
535 4049 698 4120 sequuntur
712 4089 718 4102 .
731 4089 738 4101 .
751 4043 775 4103 .'’
808 4043 1025 4106 Grammaticus
1047 4045 1084 4103 de
1104 4045 1263 4120 generibus
1286 4043 1433 4103 nominum
1453 4061 1472 4102 a
1489 4045 1525 4102 M.

316 4137 450 4215 Hauptio
470 4137 567 4198 editus
588 4157 619 4214 p.
634 4141 672 4200 98
693 4136 828 4199 “Saccus
849 4139 967 4214 generis
987 4138 1157 4215 masculini,
1182 4144 1215 4199 41
1236 4139 1334 4199 Varro
1355 4136 1463 4198 ‘vinum
1482 4136 1527 4196 eui

316 4226 389 4291 nihil
412 4234 550 4292 sacculus
572 4231 731 4294 abstulit'.''
815 4313 818 4318 ,
904 4314 907 4318 Ι
1516 4237 1520 4248 “

316 4355 528 4367 *.—

393 4413 458 4473 995.
481 4413 602 4478 *(1441
620 4413 768 4476 commin
789 4413 877 4475 anr.
898 4431 927 4491 p.
941 4414 978 4474 29
999 4412 1113 4473 41212.
1166 4466 1172 4472 .
1231 4483 1242 4489 ‚
