3298 5170
305 367 348 434 94
868 371 947 420 XXX

326 540 346 583 *
410 538 556 606 Persium
578 558 643 605 non
666 557 742 605 curo
765 537 883 622 legere,
912 537 1059 604 Laelium
1083 537 1260 603 Decumum
1282 533 1365 601 volo.

841 879 974 966 XXX

324 1099 376 1159 tto
414 1092 576 1179 accipiunt
596 1093 696 1179 leges,
720 1094 858 1180 populus
881 1095 989 1181 quibu’
1014 1094 1142 1178 legibus
1165 1095 1260 1160 exlex

681 1294 756 1360 inde
780 1293 897 1359 canino
921 1294 983 1359 ritu
1007 1294 1119 1360 oculos
1142 1293 1218 1378 quoi
1321 1341 1326 1347 .

411 1394 554 1461 involem

757 1593 976 1679 praestringat
998 1593 1173 1680 splendore
1195 1592 1326 1659 micanti

380 1878 444 1936 859.
487 1877 595 1938 Cicero
611 1878 648 1937 de
662 1886 779 1941 oratore
793 1899 824 1957 rr,
839 1883 866 1956 6,
877 1884 913 1941 25
935 1880 1034 1941 “Nam
1048 1885 1080 1939 nt
1096 1879 1131 1940 Ο.
1146 1878 1292 1955 Lucilius,
1305 1877 1394 1938 homo
1409 1878 1517 1938 doctus

304 1975 334 2030 et
351 1971 548 2047 perurbanus,
571 1973 669 2032 dicere
690 1975 817 2051 solebat,
839 1992 935 2052 neque
957 1992 989 2034 se
1010 1976 1048 2034 ab
1069 1974 1281 2034 indoctissimis
1303 1991 1398 2051 neque
1413 1993 1431 2032 a
1449 1974 1518 2033 doo-

303 2065 425 2124 tissimis
446 2066 507 2142 legi
527 2068 617 2141 velle,
644 2067 724 2144 qnod
747 2069 834 2129 alteri
854 2069 924 2128 nihil
944 2069 1165 2146 intellegerent,
1192 2068 1278 2130 alteri
1299 2070 1367 2146 plus
1387 2067 1518 2128 fortasse

304 2177 393 2236 quam
412 2161 490 2236 ipse,
516 2161 631 2240 dequo
652 2164 742 2223 etiam
764 2165 885 2241 scripsit
906 2165 1054 2225 ‘Persium
1076 2183 1135 2224 non
1156 2181 1227 2223 curo
1247 2163 1367 2238 legere’,
1393 2163 1441 2222 hic
1463 2163 1519 2221 suit

304 2253 389 2327 enim,
410 2259 443 2312 ut
457 2273 604 2332 noramus,
625 2259 752 2319 omnium
771 2260 831 2319 lere
847 2265 1014 2319 nostrornm
1034 2259 1182 2318 hominnm
1205 2257 1406 2332 doctissimus,
1428 2257 1518 2317 ‘Lae-

303 2347 374 2406 lium
393 2348 556 2409 Decumum
577 2351 664 2426 volo’,
689 2370 777 2430 quem
800 2352 994 2430 cognovimus
1018 2353 1111 2412 virum
1132 2352 1243 2411 bonnm
1266 2358 1297 2411 et
1316 2369 1376 2411 uon
1396 2351 1518 2411 illitera-

304 2448 376 2517 tnm,
398 2444 451 2502 sed
472 2443 544 2504 nihil
565 2445 604 2505 ad
624 2447 778 2508 Persium:
801 2449 844 2508 sic
864 2467 921 2525 ego
939 2449 1001 2509 ...”
1081 2448 1166 2508 Idem
1189 2446 1225 2505 de
1246 2447 1295 2507 lin.
1310 2446 1379 2505 bon.
1400 2451 1431 2504 et
1451 2447 1518 2504 mal.

303 2535 395 2612 1,3,’l
418 2536 503 2598 “Nec
524 2556 604 2614 vero,
625 2548 657 2601 nt
677 2549 779 2602 noster
799 2541 943 2618 Lucilius,
964 2542 1121 2614 recusabo,
1142 2542 1316 2618 quominus
1337 2557 1438 2599 omnes
1453 2557 1520 2600 mea

303 2632 417 2707 legant.
446 2633 556 2692 utinam
578 2641 659 2694 esset
678 2637 726 2694 ille
748 2636 887 2696 Persiusl
914 2635 1016 2713 Scipio
1037 2652 1107 2695 vero
1128 2641 1158 2694 et
1171 2635 1303 2697 Rutilius
1324 2635 1415 2694 multo
1430 2635 1519 2694 etiem

305 2727 417 2802 magis3
438 2744 562 2804 qnorum
582 2727 632 2787 ille
652 2729 792 2789 iudicium
814 2730 1022 2804 reformidans,
1045 2728 1218 2789 Tarentinis
1235 2729 1277 2788 ait
1291 2747 1323 2788 se
1338 2733 1368 2788 ec
1382 2728 1517 2789 Consen-

303 2821 373 2881 tinis
399 2827 429 2880 et
455 2819 563 2882 Siculis
590 2823 747 2884 scribere.”
791 2825 903 2884 Confer
929 2823 1123 2898 Madvigium.
1223 2823 1340 2882 Plinius
1367 2823 1436 2883 hist.
1457 2830 1517 2884 nat.

303 2913 432 2992 prasii
461 2914 643 2974 “Praeterea
667 2925 715 2977 est
743 2920 890 2997 quaedam
914 2919 1037 2996 publica
1062 2917 1151 2976 etiam
1177 2918 1357 2978 eruditorum
1382 2917 1518 2985 reiectio;

304 3009 396 3067 utitur
415 3008 468 3068 illa
487 3015 518 3068 et
542 3009 585 3068 M.
608 3009 722 3071 Tullius
745 3019 833 3073 extra
854 3031 969 3072 omnem
993 3011 1092 3087 ingeni
1118 3012 1213 3070 aleam
1239 3013 1355 3088 positus
1383 3018 1414 3071 et
1439 3011 1519 3088 quod

304 3102 441 3160 miremur
461 3120 516 3179 per
536 3103 713 3165 advocatum
735 3107 916 3166 defenditur:
938 3107 1003 3164 'neo
1017 3105 1207 3165 doctissimis.
1233 3106 1366 3165 Manium
1382 3105 1517 3164 Persium

303 3193 376 3254 baec
402 3195 502 3269 legere
527 3197 610 3272 nolu,
635 3199 753 3259 Iunium
776 3200 911 3275 Congum
937 3201 1040 3260 volo'.·
1058 3198 1140 3277 quod
1164 3201 1188 3258 si
1212 3199 1269 3259 hoc
1292 3199 1443 3275 LuciliuS,
1468 3199 1519 3277 qni

303 3289 415 3365 primns
438 3289 572 3349 condidit
591 3293 651 3351 stili
672 3312 786 3369 nasum,
814 3293 969 3353 dicendum
992 3294 1049 3354 sibi
1069 3293 1194 3371 putavit,
1215 3295 1241 3354 si
1261 3293 1367 3354 (licere
1386 3301 1518 3354 mutuan-

304 3382 383 3456 dum,
403 3385 579 3458 praesertim
600 3403 666 3445 oum
685 3387 721 3446 de
743 3406 774 3448 re
788 3389 911 3464 publica
925 3390 1078 3466 scriberet,
1099 3393 1211 3466 quanto
1232 3405 1286 3446 nos
1307 3389 1457 3449 causatius
1481 3388 1519 3446 ab

304 3477 402 3553 aliquo
423 3477 520 3537 iudice
541 3478 763 3541 defendimusi”

382 3572 447 3629 860.
490 3571 606 3632 Nonius
627 3592 657 3651 p.
673 3577 717 3652 10,
731 3579 767 3636 21
790 3578 877 3637 “Ilex
898 3583 929 3638 et
949 3578 1036 3637 exlex
1057 3578 1173 3655 estqui
1194 3577 1256 3636 sine
1276 3578 1343 3652 lege
1364 3575 1451 3635 vivat.

305 3663 439 3724 Lucilius
461 3671 551 3741 satyr.
571 3666 661 3726 lib.1r
678 3713 703 3728 ..
717 3670 833 3730 ,Varro
849 3717 855 3730 .
871 3666 1045 3731 ..Lucilius
1066 3673 1117 3731 lib.
1130 3691 1195 3730 xxx
1216 3670 1376 3747 ‘accipiunt
1395 3716 1402 3728 .
1419 3713 1426 3727 .
1442 3713 1449 3728 .
1467 3685 1518 3727 ex·

303 3758 386 3818 lexis!

381 3853 445 3912 861.
487 3853 603 3913 Nonius
624 3872 653 3931 p.
665 3857 745 3930 33‚2
767 3856 927 3929 “Inxolare
948 3864 994 3917 est
1012 3859 1139 3931 inruere,
1159 3857 1286 3933 insilbe3
1307 3865 1358 3918 aut
1378 3875 1396 3916 a
1416 3857 1519 3916 volatu

305 3954 355 4008 aut
375 3965 394 4007 a
415 3948 492 4022 vola,
512 3948 606 4007 idest
628 3949 727 4007 medic
747 3969 845 4025 manu,
866 3950 985 4011 dictum.
1070 3951 1205 4010 Lucilius
1226 3952 1278 4011 lib.
1291 3971 1356 4009 xxx
1376 3950 1455 4010 ‘inde
1470 3969 1517 4010 ca-

304 4044 375 4101 nino
396 4060 472 4099 nrro
494 4041 575 4116 (olim
597 4041 734 4118 impressi
753 4045 820 4119 rito)
843 4061 1018 4104 ocunrsuun
1038 4044 1202 4102 involem'.’'

381 4137 446 4194 863.
487 4134 602 4196 Nonius
624 4155 652 4212 p.
661 4137 708 4210 34,
720 4139 755 4194 31
779 4138 1025 4213 “Praestringere
1048 4137 1157 4196 dictum
1179 4145 1227 4198 est
1247 4157 1306 4198 non
1326 4139 1414 4199 valde
1431 4139 1516 4198 strin-

305 4252 375 4310 gere
401 4240 432 4292 et
457 4232 605 4293 claudere.
644 4231 771 4290 Plautus
798 4231 829 4289 in
855 4232 953 4291 Milite
980 4232 1110 4307 glorioso
1135 4230 1347 4309 ‘praestringat
1367 4233 1519 4292 oculorum

308 4329 399 4387 aciem
420 4328 451 4387 in
470 4327 533 4387 acie
546 4326 697 4388 hostibus'.
724 4325 857 4384 Lucilius
871 4326 993 4384 lib.xxx
1013 4326 1224 4403 ‘praestringat
1239 4344 1410 4385 ocunonunr
1424 4344 1519 4384 ncrnnr

304 4441 337 4480 rx
357 4439 427 4478 scm
448 4439 599 4479 rrosrrnus
620 4419 778 4497 splendore
799 4419 956 4479 micanti’.”
