3300 5166
694 344 750 396 1111

225 511 361 597 Samnis,
386 532 521 599 spurcus
543 511 647 598 homo,
672 513 740 580 vita
762 513 821 578 illa
845 513 954 597 dignu¹
975 516 1120 598 locoque.
1198 553 1200 559 =

223 635 294 680 cum
316 615 514 713 Pacidfflanq
537 615 745 701 componitur,
769 615 898 700 optimu’
922 619 1022 683 multo

220 723 294 802 post
315 717 460 784 homines
483 723 577 784 natos
601 717 764 800 gladiator
787 719 842 801 qui
866 717 928 784 fuit
949 739 1042 786 unus.

132 910 182 970 14⁰
226 904 381 972 ‘occidam
404 906 493 973 illum
517 905 667 989 equidem
690 911 722 972 et
744 907 881 992 vincam,
906 908 934 973 si
956 905 992 974 id
1014 906 1189 992 quaeritis,'
1213 907 1326 990 inquit.

226 1008 345 1076 ‘verum
369 1008 450 1074 illud
473 1007 570 1074 credo
593 1007 677 1074 fore:
701 1009 735 1074 in
758 1029 794 1074 os
816 1010 906 1094 prius
930 1009 1088 1093 accipiam
1110 1009 1190 1095 ipse,

223 1130 320 1195 quam
344 1111 488 1194 gladium
513 1111 546 1176 in
569 1112 732 1178 stomacho
756 1111 861 1177 furiae
884 1132 922 1179 ao
944 1112 1142 1198 pulmonibu'
1167 1112 1254 1178 sisto.

226 1215 281 1281 odi
303 1214 475 1299 hominem,
500 1214 601 1296 iratus
624 1234 745 1300 pugno·
790 1235 850 1280 nec
872 1215 992 1300 longiu'
1017 1215 1188 1298 quiequam

224 1317 318 1383 nobis
342 1337 437 1401 quam
462 1315 597 1380 dextrae
619 1314 765 1398 gladium
788 1315 864 1381 dum
887 1316 1112 1383 adcommodat
1134 1318 1225 1383 alter.

140 1424 187 1484 145
232 1439 333 1502 usque
357 1419 439 1485 adeo
462 1417 569 1484 studio
593 1424 691 1502 atque
713 1417 789 1483 odio
812 1417 899 1485 illius
921 1420 1046 1486 ecferor
1067 1420 1136 1485 ira!

226 1617 423 1665 concursare
446 1600 478 1664 in
500 1617 598 1682 agros
621 1599 744 1665 catulos
767 1597 929 1683 fetumque
953 1599 1092 1668 ferarum
1170 1601 1173 1608 '

228 1786 316 1871 quod
340 1787 367 1854 si
390 1787 481 1854 nulla
501 1793 609 1874 potest
630 1788 744 1855 mulier
765 1794 831 1854 tam
854 1807 987 1874 corpore
1010 1787 1090 1854 duro

119 2030 242 2107 gemuit,
263 2031 330 2108 quis
352 2029 462 2090 vultum
483 2031 607 2090 mutavit
628 2029 786 2107 umquam?
802 2079 807 2091 .
821 2078 826 2090 .
840 2079 845 2091 .
861 2048 933 2108 ergo
954 2032 1009 2092 hoc
1030 2031 1139 2109 poterit
1154 2029 1270 2092 Samnis

47 2163 51 2170 ·
116 2122 284 2201 locoquei’'
383 2124 468 2182 Idem
489 2124 519 2182 in
542 2131 660 2184 oratore
680 2126 727 2199 48,
750 2127 801 2184 161
825 2124 923 2199 “Quin
946 2126 1052 2200 etiam,
1079 2125 1159 2203 quod
1184 2125 1241 2186 ium
1264 2126 1331 2185 snb·

120 2219 264 2278 rusticum
281 2205 408 2286 videtur,
428 2217 496 2276 olim
512 2224 608 2277 autem
624 2219 753 2296 politius,
774 2236 874 2278 eorum
889 2222 1054 2296 verboram,
1072 2237 1196 2297 quornm
1210 2220 1333 2280 eaedem

119 2318 206 2371 erant
226 2318 395 2387 postremae
418 2311 494 2372 duae
513 2312 628 2371 litterae
645 2330 722 2390 quae
737 2314 848 2373 suntin
863 2325 998 2391 optuma,
1011 2321 1191 2392 postremam
1204 2315 1333 2375 litteram

120 2405 336 2478 detrahebant,
363 2405 419 2464 nisi
451 2406 563 2466 vocalis
590 2406 809 2484 insequebatur.
850 2409 893 2468 ita
918 2426 977 2468 non
1002 2415 1067 2468 erat
1092 2425 1128 2467 ea
1152 2409 1277 2469 offensio
1302 2411 1333 2469 in

119 2499 274 2573 versibus,
299 2516 386 2576 quam
410 2517 487 2559 nunc
507 2499 624 2576 lugiunt
644 2506 753 2577 poetae
774 2504 851 2563 novi.
892 2504 934 2562 ita
959 2502 1034 2560 enim
1055 2501 1257 2578 loquebamur,
1279 2550 1332 2564 ...

121 2593 192 2653 ‘vita
213 2593 265 2653 illa
287 2592 390 2669 dignu*
409 2594 555 2672 locoque',
582 2612 640 2654 non
662 2594 796 2671 dignus.''
896 2595 1096 2670 Quintilianus
1116 2595 1184 2656 inst.
1199 2615 1240 2668 rx,
1253 2599 1281 2671 4,
1296 2599 1333 2656 38

120 2687 250 2764 “Neque
275 2687 422 2747 Lucilium
444 2695 551 2767 putant
569 2688 613 2746 nti
634 2688 738 2748 eadem
759 2690 869 2765 ultima,
889 2709 956 2749 oum
976 2689 1048 2748 dicit
1068 2688 1205 2748 ‘sacrans
1219 2691 1284 2750 iuit'
1305 2699 1335 2750 et

118 2782 242 2858 ‘dignus
268 2783 432 2858 locoque'.”
534 2781 642 2842 Cicero
667 2783 696 2842 in
726 2785 812 2860 epist.
834 2783 873 2843 ad
893 2783 930 2858 Q.
945 2785 1066 2844 fratrem
1087 2787 1176 2859 111,4,
1196 2787 1214 2844 2
1235 2784 1333 2844 “Cum

121 2877 293 2936 Aesernino
315 2876 450 2937 Samnite
473 2877 673 2936 Pacideianus
695 2886 885 2955 comparatus
906 2878 1047 2938 viderer.’'

200 2969 285 3028 Idem
312 2971 417 3030 Cicero
444 2971 564 3030 Tuscul.
579 2991 618 3047 ιν,
633 2974 679 3046 21,
697 2973 735 3031 48
757 2970 840 3031 “Sed
865 2973 894 3030 in
921 2973 973 3031 illo
995 2989 1104 3050 genere
1126 2972 1164 3031 sit
1184 2990 1255 3032 sane
1276 2974 1334 3030 Pa·

122 3064 250 3122 eidioooe
270 3065 377 3144 aliquis
398 3065 583 3138 hocanimo,
614 3072 646 3124 ut
668 3072 768 3125 narrat
794 3065 942 3141 LuciliuS,
971 3064 1114 3126 ‘occidam
1136 3065 1216 3125 illum
1306 3067 1336 3125 in

122 3159 278 3218 stomacho
299 3178 386 3216 sunm
408 3177 443 3218 ac
464 3205 470 3219 .
490 3203 521 3220 ..
544 3177 599 3218 nec
624 3161 744 3235 longius
766 3161 921 3237 quicquam
948 3178 1038 3217 volus
1061 3205 1116 3219 ...
1137 3157 1219 3218 ira'.''

121 3251 246 3312 Servius
270 3253 309 3311 ad
329 3254 482 3313 Aeneidos
502 3255 624 3325 x11,646
646 3252 708 3311 “Et
728 3253 848 3330 quidam
867 3255 923 3314 hoc
946 3256 1068 3314 verbum
1087 3253 1336 3329 repraehendunt,

121 3365 217 3424 usque
239 3348 372 3407 adeone:
393 3348 497 3406 melius
520 3347 578 3406 diei
600 3365 692 3424 usquc
714 3350 798 3408 adeo.
839 3349 971 3436 Lucilius
992 3353 1105 3424 omuino
1133 3347 1236 3424 ‘usque
1258 3346 1337 3406 adeo

125 3441 226 3500 studio
248 3448 337 3518 atque
358 3443 427 3501 odio
450 3443 526 3500 illius
548 3440 690 3520 efferor’.’'

205 3537 268 3595 146.
309 3537 427 3596 Nonius
454 3555 483 3614 p.
505 3535 577 3611 457,
600 3533 632 3593 1⁷
661 3533 784 3594 “Catuli
807 3551 866 3593 non
894 3534 990 3593 solum
1021 3551 1127 3594 canum
1155 3535 1337 3610 diminutive,

124 3647 224 3688 verum
251 3630 378 3690 omnium
405 3631 573 3690 animalium
596 3630 795 3706 appellantur.
884 3627 1018 3688 Lucilius
1042 3635 1207 3706 satyrarum
1228 3630 1277 3691 lib.
1294 3649 1338 3685 nn

125 3722 360 3782 'concussaanr
381 3742 470 3800 agros
558 3725 708 3800 letumque
729 3721 865 3778 raana'.”

204 3818 267 3878 147.
309 3819 425 3878 Nonius
445 3837 475 3895 p.
490 3818 588 3893 458,5
616 3815 747 3875 “Sumen
775 3815 896 3892 proprie
918 3834 937 3874 a
956 3816 1092 3894 sugendo
1121 3817 1246 3877 dietum:
1272 3834 1339 3876 narn

125 3919 155 3971 et
175 3912 306 3972 mulieris
328 3929 482 3971 mammam
504 3929 605 3970 sumen
627 3916 742 3970 veteres
770 3909 831 3968 dici
857 3911 967 3970 volunt.
1015 3911 1149 3970 Lucilius
1176 3917 1339 3988 satyrarum

128 4007 178 4065 lib.
194 4025 238 4063 1111
259 4004 350 4082 ‘quod
366 4008 391 4065 si
410 4050 456 4066 ...
471 4013 650 4066 maneatcua
667 4021 755 4064 sucus
770 4003 883 4064 lacerto
904 4012 934 4064 et
947 4023 1047 4064 nanus
1061 4025 1153 4064 oanni
1170 4003 1340 4064 ...sidat'.’'

207 4202 274 4260 142.
313 4205 344 4257 in
365 4201 504 4260 stomacho
519 4202 616 4276 furiae
637 4199 801 4260 Bentleiue

208 4278 273 4338 144.
316 4275 405 4335 Nobis
425 4295 478 4355 pro
500 4279 577 4336 vohis
597 4277 665 4335 olim
686 4278 779 4336 multi.

212 4357 274 4414 146.
317 4356 409 4431 Apud
431 4355 569 4414 Servium
590 4370 726 4412 numerus
747 4354 815 4412 libri
836 4355 926 4418 debet
946 4371 1012 4414 esse
1034 4369 1093 4425 1111,
1116 4372 1173 4413 non
1197 4372 1255 4416 arr..

214 4433 277 4491 146.
322 4433 491 4492 Concursare
511 4438 540 4490 et
554 4435 684 4505 joaram
705 4431 773 4489 olim
792 4430 925 4494 homines
947 4431 1035 4492 docti.
1149 4455 1151 4461 ⁸
1210 4451 1213 4458 ’

187 4560 210 4598 C,
232 4559 345 4597 buculi
368 4558 555 4600 aerumnae.
899 4591 902 4597 .
1122 4526 1143 4591 2
