3300 5166
614 527 618 537 ’
640 543 764 607 interea
787 548 850 608 stat
872 541 1008 606 aentibu’
1031 549 1153 627 pectus.

238 733 312 778 nam
336 715 374 795 si,
398 712 485 797 quod
509 715 587 779 55115
611 719 660 779 551
681 713 812 798 bomini,
835 713 870 778 id
892 713 971 780 satis
994 733 1067 781 esse
1090 717 1235 801 petisset,

236 817 297 881 hoo
319 821 369 881 551
392 821 476 880 erat:
500 836 584 881 nuno
605 837 675 882 cunr
698 817 760 882 boo
781 835 845 880 non
869 821 926 900 est,
950 817 1005 900 qui
1027 816 1177 884 credimu’
1201 841 1298 906 porro

167 1000 171 1008 Ι
237 918 367 984 divitias
391 920 473 984 ullas
498 919 638 984 animum
661 920 703 985 mi
726 919 858 1004 explere
879 919 1026 1004 petisse?

151 1099 197 1157 115
235 1111 277 1158 55
300 1092 461 1175 designati
485 1095 623 1156 rostrum
646 1091 795 1176 praetori’
820 1091 985 1176 pedesque

236 1201 363 1281 spectes

240 1366 362 1435 Laeliu'
384 1386 561 1452 pauperem
584 1367 631 1432 ait
653 1385 687 1432 55
709 1366 856 1450 ingentia
876 1385 1011 1432 munera
1032 1368 1123 1454 15531

462 1536 515 1602 dic
537 1557 634 1621 quam
658 1541 754 1622 cogat
775 1537 873 1604 visire
895 1537 1041 1603 minutim

237 1662 296 1728 per
320 1640 546 1707 commissuras
569 1640 721 1706 rimarum
743 1642 838 1706 nocti'
863 1641 1002 1723 nigrore.

145 1819 195 1879 111
236 1833 351 1879 urceus
375 1812 452 1878 baut
474 1813 572 1894 longe
594 1813 723 1896 gemino
746 1813 907 1878 mixtariu’
934 1811 1066 1899 [paulol.

237 1984 402 2051 custodem
426 1985 540 2052 classis
563 1984 742 2068 catapultas
764 1985 832 2068 pila
856 1985 994 2050 sarissas

146 2158 166 2198 *
238 2157 341 2221 maior
363 2161 432 2223 erat
454 2163 540 2222 natu.
585 2175 650 2221 non
672 2155 779 2222 omnia
801 2173 973 2240 possumus
996 2174 1115 2222 omnes.

207 2377 271 2433 181.
312 2371 429 2432 Gellius
451 2375 548 2442 v1u,b
570 2369 671 2446 “Quid
690 2371 764 2430 illud
786 2373 835 2444 511,
858 2372 938 2448 quod
955 2371 1099 2448 Virgilius
1120 2374 1236 2432 caelum
1257 2378 1338 2436 stare

125 2471 248 2547 pulvere
264 2474 294 2527 et
309 2466 388 2544 quod
402 2464 535 2524 Lucilius
550 2472 655 2542 pectus
670 2465 803 2526 sentibus
818 2474 897 2527 stare
916 2467 1016 2526 dixit.''
1093 2466 1210 2526 Nouius
1230 2486 1260 2544 p.
1273 2471 1339 2546 392,

125 2568 143 2623 2
174 2561 268 2623 “Stat
297 2563 386 2622 etiem
415 2561 533 2637 plenum
566 2566 620 2620 est.
665 2560 797 2620 Lucilius
830 2569 994 2638 satyrarum
1025 2561 1074 2620 lib.
1095 2579 1113 2616 v
1140 2559 1264 2622 ‘interea

127 2659 269 2736 pectus’.”
371 2657 508 2715 Donatus
530 2655 569 2714 ad
591 2655 725 2714 Terentii
745 2655 890 2716 Andriam
905 2659 976 2731 1v‚2
996 2675 1025 2733 p.
1041 2655 1077 2715 10
1100 2655 1259 2730 “Stetisse,
1281 2658 1337 2718 hoc

126 2759 173 2836 551
188 2769 264 2812 esse.
280 2761 313 2811 '..
330 2799 335 2810 .
350 2752 436 2810 aliter
456 2749 575 2826 plenum
589 2756 635 2808 est
651 2797 656 2810 .
672 2796 696 2810 ..
714 2752 800 2810 aliter
812 2751 923 2822 horret,
945 2756 978 2809 ut
993 2749 1084 2808 ‘stant
1098 2748 1201 2809 limina
1214 2749 1338 2812 demma’

126 2853 156 2906 ot
176 2845 311 2905 Lucilius
333 2844 403 2903 ‘stat
424 2846 557 2905 sentibus
572 2845 715 2921 juadca'.”

206 2943 269 3001 182.
310 2939 427 2998 Nonius
450 2959 478 3016 p
493 2941 563 3013 445,
580 2939 644 2999 at‘
648 2939 786 2998 ‘Multum
807 2946 837 2998 51
858 2939 930 2998 55115
952 2956 987 2998 eo
1008 2939 1166 2999 dist..ant
1179 2939 1338 3003 Lucilius
1442 2921 1444 2926 ,

126 3034 354 3096 libanam..
368 3035 463 3094 .satis
485 3053 551 3094 5555
572 3053 661 3092 55555
681 3051 751 3091 assa
770 3035 869 3110 (abest
889 3033 1055 3111 impressus)
1071 3034 1238 3108 pottsse
1251 3037 1339 3095 .th
1393 3031 1396 3038 ’

126 3130 248 3208 explere
270 3130 383 3205 petisse
406 3127 502 3206 (posse
521 3129 693 3188 Leidensis·
714 3128 812 3186 nullus
828 3127 986 3204 35515555γῖν

205 3226 269 3284 185.
310 3223 426 3282 Nonius
453 3242 482 3300 p
497 3226 564 3299 455,
581 3223 639 3282 14‘
643 3222 794 3282 Rostrum
810 3221 1339 3302 55551515...1155111551551555555

124 3321 175 3379 lib.
192 3339 210 3376 v
234 3318 308 3376 '.ue
324 3319 530 3394 ..',”spectes

205 3411 267 3472 181.
309 3412 425 3471 Nonius
452 3430 481 3489 p.
499 3412 565 3488 491,
588 3411 655 3471 11
660 3359 870 3472 Accusativus
895 3411 1010 3488 positus
1036 3430 1092 3490 pro
1113 3412 1292 3474 5515555

124 3510 202 3569 idem
225 3509 275 3566 lib.
290 3528 309 3564 v
331 3506 462 3566 Laelius
477 3505 869 3584 (rumeliacensis...
892 3506 1009 3582 15531.”

205 3605 269 3663 188
310 3601 426 3660 Nonius
447 3620 475 3677 p.
491 3600 620 3672 515,‘3
624 3599 847 3676 ‘Minutimpro
868 3597 987 3658 minute
949 3598 1153 3659 tLucilius
1175 3600 1259 3659 lib.v
1280 3599 1337 3657 ‘dic

196 3696 350 3772 nigrorem.

205 3794 269 3850 190.
317 3789 433 3848 Nonius
456 3809 487 3866 p.
510 3792 576 3862 546,
598 3792 636 3848 30
663 3789 876 3863 “Mixtarium,
903 3805 962 3865 quo
985 3787 1155 3847 miscemus.
1203 3787 1337 3846 Lucilius

125 3886 175 3944 lib.
189 3905 208 3942 v
231 3885 346 3944 ‘urceus
367 3894 417 3942 aut
437 3931 443 3943 .
460 3931 487 3943 ..
508 3885 662 3945 misterius
682 3886 831 3962 (5515555115
851 3881 1116 3960 Guelferbytanus)
1135 3881 1272 3940 ruuno'.''

206 3982 269 4038 191.
310 3978 427 4037 Nonius
448 3996 476 4055 p.
492 3981 559 4051 552,
577 3983 611 4039 18
633 3978 837 4054 '‘Catapulta,
862 3978 989 4036 iaculum
1017 3977 1097 4036 celer
1117 3977 1164 4035 vel
1184 3976 1226 4052 (ut
1245 3975 1337 4035 Ianus

125 4070 241 4149 Densa)
256 4073 379 4147 sagit.
404 4072 596 4132 ,Lucilius
612 4083 777 4151 satyrarum
791 4072 840 4132 lib.
853 4091 872 4128 v
887 4067 1050 4130 ‘custodem
1062 4069 1169 4130 classis
1185 4070 1338 4146 catapulta

126 4185 228 4225 usuras
249 4165 328 4238 (atita
350 4117 522 4242 Leidensis)
541 4167 681 4228 555155531

206 4263 270 4320 192.
310 4261 481 4320 Macrobius
503 4261 622 4321 Satura
641 4280 681 4334 vr,
702 4266 727 4334 1,
748 4263 785 4320 35
812 4258 945 4330 “Ι)15115,
977 4256 1129 4330 Pierides,
1160 4275 1219 4317 non
1240 4258 1339 4318 omnio

126 4371 287 4430 possumus
307 4372 418 4415 omnes.
459 4353 592 4414 Lucilius
613 4355 772 4432 (15555155
792 4369 862 4430 pars
882 4350 1070 4428 librorum)
1061 4370 1091 4410 m
1112 4351 1244 4432 quinto‘
1245 4352 1339 4413 515155

127 4450 324 4511 ...omnes”'.
