3300 5166
279 375 311 414 pv
798 365 963 404 racanato
1041 334 1050 350 l

276 523 354 607 frui,
389 524 505 588 multos
537 543 639 588 annos
667 523 827 608 Hauptius
854 543 918 588 non
946 524 1126 609 respondit,
1160 545 1198 590 ac
1224 526 1381 611 paulatim
1408 527 1488 594 haec

277 669 352 763 spes
370 678 474 744 omnis
490 677 667 761 aliquando
683 679 842 744 reclusum
858 679 896 743 iri
911 679 996 743 hunc
1011 678 1197 743 thesaurum
1211 684 1246 743 ut
1261 699 1347 746 vana
1363 679 1490 745 abiecta

276 837 333 897 est.
389 832 507 896 Verum
543 831 683 916 Hauptio
717 832 788 917 ipso
822 851 932 897 mense
965 830 1140 896 Februario
1174 832 1252 896 anni
1284 852 1489 894 uncecnxxrv

278 983 395 1049 acerba
417 989 519 1078 morte
541 985 710 1068 absumpto
734 1004 806 1049 cum
828 983 922 1050 amici
945 985 1014 1049 eius
1042 982 1208 1048 consilium
1230 985 1349 1051 inirent
1371 984 1488 1050 edendi

276 1137 304 1201 si
338 1155 404 1219 qua
437 1135 566 1201 edenda
599 1138 797 1223 reliquisset,
832 1141 1013 1223 protractae
1047 1142 1121 1201 sunt
1154 1155 1225 1201 cum
1259 1137 1332 1202 aliis
1358 1139 1488 1204 chartac

278 1289 467 1355 Lucilianae
516 1293 768 1376 suscitatumque
811 1296 860 1357 est
903 1288 984 1354 illud
1033 1288 1098 1352 iam
1135 1290 1336 1376 consopitum
1373 1289 1498 1356 Lucilii·

278 1444 534 1512 Laehmanniani
577 1444 782 1511 desiderium.
842 1447 956 1528 Itaque
993 1463 1064 1509 oum
1102 1463 1164 1527 ego
1201 1449 1371 1509 auctumno
1410 1444 1487 1510 anni

273 1619 477 1662 uncccnxxrv
494 1599 677 1663 Berolinum
693 1598 873 1682 venissem„
885 1599 1083 1682 provinciam
1100 1597 1234 1683 Hauptii
1250 1597 1338 1662 obitu
1353 1618 1487 1664 vacuam

273 1751 394 1816 factam
422 1750 581 1835 aditurus,
609 1750 800 1817 Theodorus
822 1751 1052 1836 Mommsenus,
1080 1751 1211 1836 Hauptii
1235 1756 1267 1816 et
1288 1751 1487 1817 Lachmanni

274 1904 350 1969 dum
377 1906 410 1970 in
438 1903 522 1969 vivis
549 1908 641 1969 erant
668 1903 839 1969 familiaris
867 1905 1017 1989 idemque
1045 1905 1122 1971 mihi
1145 1905 1259 1971 favens
1286 1909 1317 1968 11
1343 1904 1485 1989 cupiens,

257 2071 397 2122 'mecum
421 2031 461 2121 de
483 2055 602 2122 edendi
623 2056 726 2122 libelli
748 2077 825 2123 cura
848 2053 1055 2142 suscipienda
1077 2058 1161 2141 egit:
1196 2064 1228 2122 et
1251 2031 1311 2140 ego
1333 2058 1485 2144 inspectis

273 2229 357 2293 quae
380 2215 495 2296 parata
516 2217 608 2275 erant
628 2230 699 2275 oum
714 2216 746 2276 11
759 2230 857 2296 posse
872 2212 952 2277 haec
967 2210 1019 2275 edi
1035 2216 1067 2275 et
1082 2211 1203 2276 editum
1225 2210 1265 2276 iri
1281 2231 1352 2276 cum
1367 2231 1486 2295 magno

271 2363 449 2429 litterarum
486 2364 700 2438 emolumento
732 2365 810 2430 mihi
842 2364 1091 2449 persuasissem,
1127 2365 1236 2449 accepi
1268 2365 1485 2432 condicionem

196 2523 198 2528 '
272 2519 460 2599 tantumque
489 2491 608 2583 exinde
637 2516 711 2584 huic
740 2518 845 2584 officio
879 2537 997 2602 operae
1022 2516 1164 2603 impendi
1198 2523 1351 2602 quantum
1379 2519 1484 2588 multis

272 2667 409 2734 distento
436 2669 574 2751 negotiis
596 2670 629 2734 in
651 2669 713 2735 hac
734 2672 876 2737 novitate
900 2691 1006 2737 rerum
1027 2672 1128 2738 licuit.

356 2823 476 2886 Parata
498 2827 605 2888 autem
628 2822 750 2889 offendi
766 2823 855 2907 haec,
879 2825 1015 2908 primum
1031 2824 1227 2891 Lachmanni
1243 2827 1388 2912 schedas,
1413 2829 1484 2894 niti-

271 2972 405 3039 dissime
421 2974 568 3059 scriptas,
586 2976 619 3040 in
634 2995 757 3041 summo
773 2975 919 3059 margine
931 2981 1111 3042 saturarum
1123 2977 1197 3044 libri
1208 2984 1318 3045 notam
1329 2983 1482 3067 scriptam

270 3129 415 3190 tenentes
449 3127 500 3191 oui
533 3128 685 3213 quodque
713 3127 928 3211 fragmentum
959 3128 1090 3195 attribui
1119 3131 1242 3198 iuberet
1267 3133 1481 3201 testimonium

269 3283 325 3342 aut
345 3279 429 3344 ratio
445 3279 606 3366 suaderet,
629 3282 751 3349 indicia
768 3300 895 3367 quoque
911 3301 1151 3364 nonnumquam
1165 3282 1348 3367 propiorem
1364 3305 1481 3371 cogna-

269 3429 388 3495 tionem
417 3431 446 3497 si
473 3453 539 3516 qua
568 3441 638 3501 erat
666 3435 748 3500 inter
776 3454 889 3500 versus
924 3435 1005 3500 duos
1035 3440 1091 3500 aut
1117 3434 1226 3520 plures
1255 3436 1479 3528 significantia,

188 3649 190 3652 .
268 3581 342 3648 dein
366 3603 485 3650 versus.
496 3586 595 3672 ipsos,
619 3587 807 3654 emendatos
823 3593 878 3654 aut
892 3608 977 3672 quae
992 3588 1155 3654 emendari
1175 3609 1273 3674 posse
1292 3563 1481 3680 desperarat

266 3735 447 3821 uncinata,
461 3737 601 3822 denique
627 3741 754 3806 testium
780 3742 881 3808 verba
903 3746 935 3806 et
956 3740 1198 3808 adnotationem
1221 3744 1368 3833 editoris,
1399 3750 1479 3818 haec

266 3887 317 3952 ita.
349 3888 431 3955 inter
464 3911 501 3957 se
534 3891 674 3960 discreta
709 3895 756 3961 uti
789 3916 873 3961 nuno
907 3895 1048 3963 discreta
1080 3897 1240 3979 leguntur.
1295 3900 1480 3972 Accedebat
1514 3903 1517 3908 ’

266 4041 441 4107 earundem
472 4045 661 4118 schedarum
689 4048 903 4158 apographon
925 4049 1059 4134 Hauptii
1085 4068 1183 4116 manu
1211 4058 1243 4118 11
1270 4055 1380 4122 subtili
1408 4058 1478 4125 dili-

264 4194 375 4275 gentia
400 4195 536 4283 factum3
559 4198 645 4283 quod
666 4201 695 4267 is
718 4201 825 4286 operis
848 4203 1022 4269 traditurus
1045 4210 1131 4269 erat:
1164 4207 1293 4274 notulas
1316 4209 1480 4276 adiecerat

266 4347 381 4431 quibus
405 4349 604 4436 typothetam
626 4371 740 4462 regere
762 4354 920 4443 solemus,
945 4357 1139 4445 praelixerat
1161 4359 1317 4447 indicem,
1340 4361 1477 4428 eundern
