3300 5166
239 307 490 412 .40¹
751 291 933 396 'xr

311 518 330 559 *
420 518 568 584 conicere
590 517 623 582 in
643 535 754 583 versus
777 516 896 582 dietum
917 515 1078 600 praecoui'
1102 515 1251 581 volebam

420 619 531 687 Grani.

422 827 483 874 nee
503 804 580 872 mihi
603 809 747 872 amatore
768 806 829 872 hoe
851 806 923 894 opu’
946 823 1007 870 nec
1028 806 1151 871 tricone
1172 801 1301 870 vadato.

348 1001 366 1060 4
1284 989 1348 1055 viai

329 1002 381 1061 Η
421 1096 613 1164 sternendae
634 1094 817 1164 iaciendum
839 1094 901 1160 huc
923 1113 1076 1177 aggerem
1099 1100 1131 1159 et
1152 1092 1186 1158 id
1209 1093 1302 1175 geuu’
1327 1093 1436 1158 rudus.

515 1283 608 1350 Cotta
630 1302 740 1367 senex,
765 1281 865 1346 crassi
887 1282 980 1365 pater
1002 1278 1087 1343 huiu’
1114 1277 1264 1364 [paneri],

419 1387 548 1469 magnu’
574 1383 634 1450 fuit
654 1383 734 1450 trioo
757 1382 956 1466 nummariu’,
980 1380 1106 1447 solvere
1128 1381 1219 1466 nulli,

421 1487 535 1556 lentus.
593 1503 595 1510 ’

334 1683 386 1742 ³5⁰
416 1675 449 1766 ,si
471 1673 599 1740 tricosu’
622 1671 856 1755 bovinatorque
880 1691 935 1738 ore
958 1671 1103 1757 inprobu'
1129 1672 1209 1738 duro

390 1865 456 1922 342.
498 1861 612 1920 Gellius
627 1878 666 1934 iv,
680 1856 713 1922 17
731 1856 836 1917 “Idem
851 1857 928 1917 inira
943 1858 1088 1920 ‘conicere
1101 1905 1108 1922 .
1121 1906 1128 1920 .
1140 1905 1146 1921 .
1156 1858 1266 1920 Graui'.
1288 1860 1319 1918 in
1332 1860 1389 1921 hac
1407 1877 1526 1939 quoque

314 1957 400 2036 primi
421 1956 503 2016 verbi
524 1952 745 2032 praepositione
767 1954 804 2013 ob
827 1953 951 2013 eandem
972 1972 1092 2013 causam
1113 1953 1307 2031 producunt.''
1418 1953 1526 2013 Cicero

314 2053 343 2110 in
359 2051 454 2111 Bruto
474 2052 522 2123 43,
539 2052 592 2110 160
614 2047 748 2108 “Multae
769 2046 875 2106 deinde
896 2066 1021 2121 causae;
1043 2048 1152 2109 sedita
1167 2047 1275 2108 tacitus
1295 2048 1473 2123 tribunatus,
1493 2053 1528 2106 ut

314 2144 373 2204 uisi
394 2145 424 2201 iu
446 2160 482 2203 eo
501 2143 679 2218 magistratu
700 2142 867 2201 cenavisset
880 2142 961 2220 apud
976 2159 1152 2219 praeconem
1171 2140 1315 2202 Granium
1335 2141 1424 2219 idque
1440 2141 1526 2200 uobis

315 2240 361 2298 bis
377 2229 559 2298 narravisset
571 2236 716 2312 Lucilius,
736 2236 884 2296 tribunum
900 2236 996 2312 plebis
1011 2237 1192 2296 nesciremus
1212 2235 1330 2294 iuisse.’'
1408 2234 1527 2295 Ibidem

313 2333 361 2406 46,
378 2330 432 2390 lta
453 2329 542 2404 “Ego
561 2331 679 2389 memini
699 2330 737 2392 Τ.
759 2328 883 2388 Tincam
905 2330 1114 2390 Placentinum
1141 2330 1286 2389 hominem
1312 2329 1525 2389 facetissimum

315 2445 380 2484 oum
402 2424 538 2482 familiari
559 2431 660 2484 uostro
681 2424 719 2500 Q.
740 2423 853 2484 Granio
873 2441 1021 2500 praecone
1043 2425 1202 2485 dicacitate
1224 2430 1346 2483 certare.
1388 2424 1462 2499 eon',
1482 2424 1525 2482 in·

316 2521 381 2598 quit
399 2520 521 2588 Brutus
543 2518 578 2577 de
600 2536 659 2596 quo
679 2520 773 2580 multa
792 2516 948 2578 Lucilius?
968 2518 1025 2578 isto
1047 2519 1140 2594 ipso.''

394 2614 460 2671 344.
501 2611 616 2672 Nouius
637 2631 666 2690 p.
681 2613 709 2688 8,
723 2616 760 2672 23
782 2613 911 2673 “Tricas
938 2618 1006 2672 suut
1031 2612 1231 2687 inpedimenta
1252 2621 1282 2671 et
1300 2611 1526 2690 implicationes.
1642 2631 1643 2640 ¹

317 2705 509 2768 ...Lucilius
531 2711 620 2780 satyr.
642 2705 693 2765 lib.
708 2725 740 2765 xr
761 2707 825 2765 ‘nec
846 2706 916 2764 mihi
935 2724 1043 2762 aucas
1060 2706 1263 2766 ...vadat0'.”
1642 2761 1643 2796 ,

392 2802 458 2860 345.
497 2798 614 2858 Nonius
633 2817 663 2876 p.
681 2802 725 2875 18,
742 2798 775 2860 lt
792 2800 928 2874 “Rudus,
945 2806 1069 2874 stercus,
1083 2799 1165 2877 quod
1180 2799 1301 2859 raditur.
1323 2799 1419 2860 Lucil.
1436 2807 1526 2875 satvr.
1642 2807 1643 2842 ἒ

315 2893 365 2956 lib.
380 2914 412 2950 xr
433 2892 498 2950 ‘vnr
519 2911 699 2950 sruaununr
718 2913 758 2950 ur
779 2892 946 2953 iaciendum
973 2892 1030 2952 huc
1057 2911 1199 2968 aggerem
1220 2894 1275 2970 (sic
1299 2893 1367 2952 olim
1387 2894 1528 2972 impressi

316 2997 346 3050 et
367 2987 422 3047 uisi
443 2986 530 3044 fallor
551 2985 824 3062 Guelferbytanus:
855 2986 1013 3045 Leidensis
1035 2988 1154 3063 operam)
1176 2995 1206 3048 et
1227 2987 1258 3046 id
1279 3005 1379 3063 genus
1401 2988 1528 3048 rudns'.'’

393 3078 457 3139 347.
496 3079 613 3139 Nonius
635 3098 663 3156 p.
678 3083 725 3155 22,
740 3083 777 3140 30
798 3079 971 3155 “Tricores,
992 3081 1100 3140 morosi
1129 3088 1159 3141 et
1184 3082 1222 3141 ad
1248 3081 1431 3142 reddendum
1453 3082 1526 3144 duri.

316 3174 449 3234 Lucilius
470 3178 633 3248 satyrarum
654 3175 704 3235 lib.
720 3192 752 3233 xr
773 3174 925 3234 ‘Cotta...
938 3176 1044 3250 paneoi
1064 3174 1182 3252 (paceni
1201 3175 1374 3253 Leidensis)
1403 3194 1527 3253 maguus

316 3269 372 3328 fuit
391 3268 467 3327 trico
482 3313 488 3325 .
501 3314 507 3326 .
521 3313 528 3326 .
540 3267 658 3342 leutus',
673 3267 716 3326 id
736 3275 782 3329 est
802 3268 924 3328 facilis.”
1015 3269 1100 3328 Idem
1121 3289 1150 3347 p.
1165 3273 1232 3343 338,
1248 3274 1283 3330 10
1305 3269 1463 3346 “Lentum,
1483 3272 1527 3330 ia·

317 3361 381 3421 cile.
421 3359 555 3420 Lucilius
581 3368 746 3438 satyrarum
766 3363 864 3423 lib.x1
891 3362 995 3423 ‘Cotta
1010 3382 1167 3440 ...pacem
1187 3381 1311 3442 maguus
1332 3371 1402 3424 trice
1416 3368 1525 3440 snit...

316 3454 449 3514 lentus'.’'

393 3550 469 3612 350.
500 3545 613 3606 Gellius
633 3547 707 3624 xr‚i
730 3548 794 3608 “At
817 3550 867 3609 ille
887 3551 1001 3610 iactans
1026 3558 1055 3610 et
1079 3553 1212 3628 gestiens
1241 3553 1309 3613 ‘uon
1337 3555 1413 3613 enim
1435 3555 1526 3614 Luci·

316 3643 394 3701 lium'
416 3641 510 3718 iuquit
531 3641 668 3717 legistis,
690 3643 739 3719 qui
753 3644 1010 3720 tergiversatorem
1025 3645 1228 3706 bovinatorem
1244 3646 1332 3708 dieit’
1364 3655 1411 3708 est
1430 3655 1527 3708 antem

315 3737 346 3794 in
362 3734 470 3793 Lucilii
491 3734 646 3793 undecimo
668 3751 770 3794 versus
789 3737 841 3808 bic,
860 3742 992 3814 sntpoaas
1006 3784 1012 3798 .
1024 3784 1031 3798 .
1045 3783 1053 3798 .
1068 3739 1178 3798 duro’.''
1209 3739 1277 3800 hinc
1297 3741 1413 3800 Nouius
1434 3761 1463 3818 p.
1480 3741 1525 3817 79,

316 3833 353 3888 26
375 3825 582 3903 “Boviator'es,
604 3831 678 3905 qnos
699 3847 776 3889 nunc
796 3831 960 3890 malitiosos
980 3836 1011 3890 et
1025 3833 1270 3907 tergiversatores
1292 3834 1432 3898 dicimus.
1465 3838 1526 3896 Lu-

318 3925 401 3984 cilius
423 3925 519 3983 lib.x1
539 3921 591 3981 ‘bic
610 3926 748 3983 amicosne
768 3923 1005 4002 invictosque...
1022 3925 1130 3986 duro'.”

394 4087 460 4144 344.
501 4095 626 4143 amatore
646 4084 758 4144 Iunius.

393 4164 458 4222 345.
499 4167 553 4220 vim
571 4164 729 4220 strandum
747 4172 772 4220 ct
790 4163 860 4222 olim
874 4164 1018 4239 impressi.
1051 4168 1177 4241 viamque
1189 4166 1371 4226 sternendam
1391 4180 1416 4228 et
1434 4170 1526 4230 Ianus

319 4241 439 4314 Dousa‚
468 4241 518 4316 qui
538 4240 693 4299 Hadriano
714 4239 800 4298 Iunio
821 4239 973 4300 adscribit.
1011 4241 1090 4317 apud
1111 4240 1189 4304 huuc
1211 4260 1270 4300 uon
1290 4243 1415 4306 invenio.
1451 4239 1526 4304 Mer-

318 4333 418 4390 cerus,
446 4317 496 4392 qui
521 4317 676 4378 stultitiam
696 4315 792 4386 Nouii
813 4323 894 4377 recte
914 4317 1064 4392 exagitat,
1089 4323 1147 4376 viai
1168 4321 1335 4380 sommam
1354 4326 1526 4386 tedoadum.

316 4391 440 4476 optime:
462 4393 515 4453 sed
535 4398 593 4458 cici
613 4395 749 4478 genetivo
770 4411 853 4471 casu,
877 4411 936 4467 uon
957 4393 1067 4468 dativo.
1119 4463 1123 4468 Ι
