3300 5166
699 360 781 408 VIIII
813 392 817 397 -

386 527 493 611 133313,
518 527 624 610 333313,
649 526 736 609 legit.

147 751 201 811 333
241 743 337 810 fervit
359 761 445 826 aqua
467 746 499 806 33
521 740 633 825 fervet,
657 739 869 825 1333133333,
894 739 999 806 fervet
1017 739 1064 805 ad
1088 759 1216 806 annum.

146 962 214 1022 3333
241 975 262 1021 3
284 977 300 1021 3
321 974 387 1022 non
416 955 549 1022 multum
573 954 747 1021 3133331333
769 953 1022 1042 cacosyntheton
1045 913 1145 1040 atque
1165 953 1282 1020 canina

238 1057 266 1124 si
290 1059 350 1125 tibi
373 1057 488 1142 lingua
511 1056 594 1142 dico,
619 1057 699 1124 nihil
721 1056 764 1123 ad
788 1075 850 1122 mc.

148 1279 217 1339 ³³³b
243 1292 259 1338 3
281 1277 426 1337 nostrum
449 1277 481 1337 33
502 1271 703 1354 semigraece
727 1269 814 1355 quod
837 1269 964 1336 dicimu'
989 1269 1095 1354 sigma

236 1374 284 1439 nil
306 1373 427 1440 erroris·
447 1373 554 1439 habet.

145 1594 213 1654 333ο
707 1589 804 1668 atque
827 1604 994 1654 accurrere
1016 1587 1141 1654 scribas

225 1681 300 1756 'dne
323 1708 398 1756 333
421 1710 487 1756 333
511 1695 560 1755 333
581 1687 669 1773 quod
689 1707 830 1774 quaeras
853 1693 950 1774 atqua
970 1691 1108 1757 laboras.

147 1907 217 1969 ³³³d
474 1898 620 1967 ubbiterc
642 1899 776 1966 multum
800 1907 849 1967 333
871 1899 892 1966 d
914 1899 975 1966 3133
997 1920 1038 1967 an
1061 1901 1091 1967 b.

129 2237 213 2296 13333
227 2235 342 2296 dicetur
361 2243 394 2295 ut
412 2237 481 2310 lagu
502 2242 531 2295 33
551 2253 650 2309 33333,
672 2236 752 2313 33331
773 2236 858 2296 331313
879 2236 1043 2297 inauditum
1064 2241 1117 2297 333.
1150 2236 1203 2296 sed
1224 2245 1344 2298 nonest

129 2331 205 2390 13333
226 2349 297 2391 3333
317 2330 519 2408 comparati0;
540 2347 607 2388 nam
622 2330 711 2389 fervit
726 2335 774 2388 est
788 2329 832 2388 illi
846 2331 941 2390 3133113
956 2331 1072 2392 333313.”
1170 2330 1342 2390 Priscianus

130 2442 159 2501 p.
175 2427 232 2485 866
253 2424 388 2483 “1’33333
416 2441 533 2502 333333
560 2424 648 2483 etiam
668 2425 751 2483 13333
774 2425 922 2485 invenitur
987 2424 1122 2485 Lucilius
1143 2425 1241 2488 ‘fervit
1259 2426 1341 2503 (pars

130 2519 273 2578 librorum
281 2518 384 2596 jacet)
400 2537 477 2578 nunc
497 2519 593 2578 133333
613 2507 676 2595 (alii
689 2519 789 2594 seruit)
811 2516 849 2576 ad
864 2519 1006 2578 annum'.''
1084 2518 1201 2579 Probus
1220 2538 1251 2597 p.
1267 2520 1341 2579 1413

131 2609 214 2672 “Sed
235 2611 266 2670 in
287 2611 343 2671 hoc
364 2613 455 2671 333133
476 2619 555 2672 33333
576 2609 750 2689 corripitur,
771 2607 909 2688 qnoniam
931 2613 1045 2690 antiqui
1064 2615 1181 2674 tertiam
1202 2614 1341 2689 coniuga-

130 2706 240 2765 tionem
260 2706 357 2781 magis
379 2723 468 2785 quam
489 2707 649 2766 secundam
671 2723 736 2766 3333
758 2706 922 2782 voluerunt,
943 2713 975 2766 33
995 2707 1128 2768 Lucilius
1149 2707 1247 2767 ‘fervit
1266 2724 1341 2766 uunc

130 2800 226 2859 133333
246 2799 285 2859 ad
306 2801 449 2861 annum'.’'

207 2891 309 2978 33³⁰b.
331 2893 435 2954 Velius
457 2895 583 2970 Longus
603 2915 632 2973 p.
649 2897 727 2956 2214
749 2894 846 2954 “Nam
867 2895 947 2974 apud
963 2893 1110 2954 Lucilium
1129 2894 1160 2952 in
1180 2914 1213 2952 rx
1232 2895 1262 2955 in
1284 2914 1342 2974 333

132 2987 167 3046 de
191 2987 287 3047 1133313
314 2987 447 3067 disputat
472 3007 573 3048 333333
599 2990 692 3049 vicem
719 2988 897 3067 syllabarum
925 2989 1062 3067 implent,
1087 3006 1152 3047 cnm
1173 2989 1245 3050 dicit
1265 2990 1293 3048 ‘a
1311 3010 1342 3050 ra

129 3100 188 3142 333
209 3083 331 3142 multum
352 3084 438 3143 abest
458 3082 514 3142 1333
536 3083 768 3162 cacosyntheton
791 3089 879 3160 atqua
901 3084 1010 3143 canina
1031 3082 1054 3142 31
1075 3082 1128 3142 tibi
1147 3083 1250 3160 lingua
1263 3083 1341 3160 dico,

130 3175 201 3234 nihil
222 3176 261 3235 ad
282 3177 346 3252 ma',
367 3193 473 3235 nomen
493 3176 549 3236 hoc
570 3177 612 3236 illi
633 3185 701 3238 333..
719 3176 789 3238 item
811 3176 835 3236 ‘s
856 3185 988 3238 nostrum
1009 3183 1039 3236 33
1058 3176 1240 3254 semigraues
1261 3176 1343 3256 quod

134 3271 258 3331 dicimus
280 3271 374 3348 sigma
392 3271 461 3328 nibil
480 3271 587 3331 erroris
609 3271 718 3332 habet!
747 3277 873 3350 apparet
892 3288 964 3349 ergo
982 3271 1058 3332 haec
1071 3272 1145 3332 nihil
1161 3271 1242 3332 aliud
1255 3289 1343 3349 333333

129 3367 226 3427 locum
247 3364 380 3441 syllabae
401 3367 503 3424 333333
524 3382 580 3424 333
601 3372 699 3425 tamen
721 3366 868 3442 syllabam
889 3366 1003 3426 scilicet
1023 3365 1117 3425 assa.''

207 3463 285 3521 3300.
326 3458 432 3518 Velius
455 3459 580 3534 Longus
601 3477 629 3536 p.
644 3460 719 3518 2225
741 3458 813 3520 “Sic
833 3460 863 3518 in
883 3459 928 3518 his
950 3460 1085 3537 partibus
1106 3459 1247 3519 orationis
1264 3477 1341 3537 quae

130 3555 275 3633 incipiunt
295 3572 313 3612 a
331 3553 418 3613 113333
434 3571 451 3612 3
467 3571 525 3612 333
546 3554 634 3614 133113
656 3559 757 3631 potest
777 3551 833 3612 hac
855 3553 1074 3630 praepositione
1096 3553 1216 3614 admota
1235 3570 1342 3614 sonare

131 3650 258 3709 dlitera.
289 3648 363 3708 13333
384 3647 520 3707 similiter
533 3647 620 3706 litera
639 3649 806 3724 geminatur
827 3647 856 3705 in
878 3664 913 3707 33
934 3647 1014 3725 qnod
1036 3658 1083 3708 333
1102 3649 1191 3726 capio
1211 3648 1340 3726 accipio:

129 3745 231 3824 itaqua
252 3743 387 3803 Lucilius
408 3742 509 3817 ‘atquc
531 3786 597 3800 ....
612 3741 767 3802 labores'.’'

207 3836 299 3898 330⁶.
340 3836 426 3896 Idem
452 3834 562 3894 ibidem
587 3835 724 3896 “Abbius
751 3835 939 3913 (3313333330.
960 3836 996 3897 L.
1019 3834 1232 3914 Schneiderus)
1253 3835 1342 3896 3313333

133 3934 253 4012 quidam
275 3931 424 4008 geminata
432 3931 456 3990 b
471 3931 638 3989 maluerunt
658 3935 689 3988 et
708 3929 806 3988 dicere
826 3936 858 3990 33
879 3930 1007 3989 33313333
1028 3938 1061 3991 33
1080 3929 1248 3991 intermissa
1262 3929 1290 4005 d,
1311 3933 1343 3988 et

130 4030 159 4087 in
177 4027 234 4086 hoc
249 4027 360 4087 nullam
375 4023 500 4102 (multam
514 4023 728 4101 Schneiderus)
744 4022 939 4082 differentiam
959 4029 1046 4100 putat
1065 4042 1131 4084 esse
1146 4023 1278 4084 Lucilius
1292 4023 1342 4100 qni

131 4123 172 4183 ait
192 4122 298 4183 ‘abbira
315 4121 438 4180 multum
459 4125 507 4178 333
525 4118 544 4177 d
563 4122 587 4176 33
605 4128 682 4179 etan
697 4119 716 4177 b
730 4119 811 4178 babet
829 4118 922 4194 (babet
939 4116 1068 4177 deletum
1087 4135 1106 4178 a
1125 4115 1341 4194 Schmidticl’J'

210 4342 292 4405 ³³0⁶.
334 4343 455 4401 ubbitera
475 4341 509 4403 0.
522 4341 559 4402 L.
575 4340 778 4405 Schneiderus
797 4343 827 4406 13
848 4359 969 4422 gramm
991 4342 1059 4407 Lat.
1074 4360 1095 4421 1,
1109 4341 1174 4404 632.
1294 4343 1346 4401 siet

133 4422 249 4484 Lndcv.
270 4420 361 4482 Ferri.
383 4418 674 4501 Schmiuuusp.12.
