3298 5170
315 335 376 403 106
876 335 956 386 XXX

405 507 497 613 'haec
519 513 554 571 tu
576 527 627 572 me
649 505 839 572 insimulans
861 524 968 570 nonne
990 509 1065 572 aute
1088 505 1121 570 in
1144 505 1242 572 corde
1263 506 1418 573 volutas?

416 713 527 780 Calvu'
551 712 699 779 Palatina
720 711 861 797 quidam,
884 713 934 779 vir
955 733 1020 778 non
1042 712 1135 778 bonu’
1159 713 1256 798 bello,
1349 761 1355 767 .

329 927 376 987 tlt
423 918 543 1008 [sensu]
567 920 734 1020 nutricatu'
761 917 855 1008 [sine]
880 925 976 1006 caput
997 918 1151 1005 opprimit
1172 918 1252 1005 ipse.

418 1128 497 1214 quid
520 1127 608 1212 darc,
631 1127 709 1211 quid
731 1129 850 1213 sumpti
873 1126 980 1194 facere
1002 1146 1041 1193 ac
1062 1127 1220 1214 praebere
1242 1127 1384 1215 potissct.

419 1335 543 1401 inberbi
566 1333 759 1420 androgyni,
783 1335 909 1401 barbati
931 1332 1204 1418 moechocinacdi,

418 1533 568 1607 Maximu’
590 1542 619 1607 si
642 1543 766 1625 argenti
789 1547 969 1608 sescentum
992 1561 1031 1606 ac
1052 1540 1141 1608 mille
1164 1540 1303 1626 reliquit,

421 1749 522 1815 nolito
545 1748 604 1814 tibi
625 1769 677 1814 mc
699 1749 784 1813 male
807 1748 915 1813 dicere
935 1767 1033 1833 posse
1055 1751 1177 1833 putare.

328 1961 380 2021 98⁰
418 1961 475 2020 aut
497 1975 568 2020 cum
591 1955 652 2020 iter
674 1962 724 2020 est
747 1955 856 2037 aliquo
879 1963 911 2021 et
933 1973 1064 2020 causam
1087 1959 1257 2019 conmenta
1280 1955 1356 2038 viai,

419 2063 474 2121 aut
496 2056 584 2141 apud
607 2058 779 2142 aurificem,
802 2058 845 2123 ad
867 2063 1011 2141 matrem,
1035 2061 1208 2139 cognatam
1231 2056 1274 2121 ad
1297 2056 1445 2143 amicam,
1468 2089 1473 2096 ·

419 2166 475 2225 aut
497 2165 663 2246 operatum
686 2161 794 2245 aliquo
819 2160 936 2227 celebri
959 2179 1030 2224 cum
1052 2158 1233 2242 aequalibu’
1258 2160 1346 2246 fano,

313 2487 397 2545 cilius
418 2485 468 2547 lib.
481 2506 546 2542 xxx
567 2486 650 2546 ‘haec
665 2534 671 2547 .
685 2536 691 2548 .
704 2536 711 2548 .
724 2507 879 2546 rnsrrurnns
894 2536 900 2549 .
914 2535 920 2548 .
934 2536 940 2550 .
955 2489 1107 2549 volutas'.'’

389 2578 454 2640 974.
494 2581 610 2640 Nonius
631 2581 780 2658 patant
804 2581 930 2642 “Bonus
952 2587 981 2642 et
1000 2583 1085 2642 fortis
1107 2586 1137 2643 et
1157 2582 1223 2660 pius
1245 2581 1303 2640 dici
1324 2585 1434 2659 potest.
1465 2583 1524 2652 Lu-

312 2674 396 2734 cilius
416 2675 467 2734 lib.
483 2693 548 2731 xxx
568 2673 682 2735 ‘calvus
703 2693 902 2733 rrnnrnmxo
924 2678 1045 2754 quidam
1065 2679 1109 2738 vir
1130 2693 1250 2734 xomms
1271 2677 1368 2736 bonus
1388 2677 1505 2736 bello'.”

388 2767 453 2829 975.
494 2769 611 2830 Nonius
632 2791 661 2847 p.
676 2773 743 2846 478,
764 2773 801 2829 26
828 2771 997 2850 “[Nutritur
1021 2772 1061 2848 et]
1089 2771 1253 2830 nutricatur
1276 2787 1331 2846 pro
1359 2771 1463 2848 [nutrit
1483 2774 1521 2850 et]

313 2864 449 2923 nutricat.
530 2864 664 2924 Lucilius
684 2865 735 2925 lib.
752 2883 816 2922 xxx
837 2865 938 2924 ‘sensu
957 2866 1122 2926 citricatom
1144 2867 1207 2926 sine
1223 2865 1381 2940 ...ipsc'.”

390 2959 456 3020 976.
495 2961 526 3018 N
528 2960 612 3018 onius
632 2980 661 3036 p.
669 2962 735 3034 484,
746 2963 783 3020 30
805 2959 945 3036 “Sumpti
958 2979 1012 3038 pro
1028 2966 1171 3038 sumptus.
1193 2958 1391 3020 ...Lucilius
1405 2959 1525 3020 lib.xxx

314 3055 398 3133 ‘quid
414 3100 420 3115 .
433 3101 439 3114 .
451 3101 457 3113 .
470 3054 633 3130 potisset'.''

391 3147 456 3209 977.
496 3146 613 3206 Nonius
634 3149 738 3224 p.493,
754 3150 791 3208 26
812 3146 955 3206 “Inverbi
975 3166 1029 3225 pro
1050 3147 1180 3208 inrerbis
1204 3151 1357 3223 (inberbes).
1389 3151 1523 3211 Lucilius

312 3246 364 3306 lib.
379 3262 445 3302 xxx
466 3242 633 3319 ‘[maximus
654 3243 680 3302 si
700 3241 837 3318 argento]
857 3243 962 3300 incerti
976 3287 983 3300 .
996 3287 1002 3300 .
1017 3242 1293 3302 ,moechocinedi'.”

390 3336 455 3398 978.
496 3336 612 3394 Nonius
628 3337 731 3413 paca,
744 3338 780 3394 31
802 3335 999 3394 “Sescentum
1014 3354 1068 3414 pro
1090 3345 1300 3398 sescentorum.
1325 3336 1460 3399 Lucilius
1476 3340 1524 3400 lib.

313 3455 377 3495 xxx
397 3432 550 3492 ‘maximus
572 3431 598 3489 si
617 3447 773 3488 ARGENTIS
794 3432 914 3510 (arpenti
934 3431 1003 3490 olim
1023 3432 1172 3510 impressi)
1187 3479 1194 3492 .
1209 3432 1400 3510 ..reliquit’.’'.

391 3524 456 3586 979.
495 3525 611 3584 Nonius
632 3527 784 3602 pacano
806 3524 929 3585 “Nolito
950 3545 1005 3604 pro
1026 3528 1093 3587 noli.
1126 3528 1261 3588 Lucilius
1282 3528 1332 3588 lib.
1340 3545 1405 3584 xxx
1424 3525 1526 3586 ‘nolito

317 3669 324 3683 .
337 3669 343 3682 .
359 3620 516 3699 .putare’.''

391 3719 456 3776 980.
497 3713 613 3775 Nonius
634 3717 738 3793 poan,
753 3718 788 3774 19
809 3714 931 3794 “Apud,
952 3717 998 3775 ad.
1026 3714 1159 3776 Lucilius
1180 3717 1229 3777 lib.
1238 3736 1302 3774 xxx
1322 3717 1384 3776 ‘aut
1403 3734 1469 3776 cum
1482 3763 1488 3776 .
1501 3763 1526 3777 ..

314 3815 472 3872 conmenta
497 3829 526 3868 vr
555 3814 607 3870 aut
634 3811 714 3888 apud
735 3810 951 3871 ...amicam’.²'

314 3906 399 3966 Idem
414 3907 517 3982 pona,
530 3907 564 3964 18
586 3904 733 3982 “Operari
755 3910 801 3965 est
822 3905 895 3966 deos
919 3905 1063 3982 religiose
1080 3911 1111 3966 et
1130 3924 1196 3965 cum
1211 3923 1326 3966 summa
1339 3905 1525 3966 veneratione

314 3999 468 4061 sacrificiis
489 4000 584 4077 litare,
605 4000 653 4059 vel
674 3999 832 4060 convivari.
914 4000 1048 4060 Lucilius
1061 3999 1188 4059 lib.xxx
1202 4001 1263 4060 ‘cut
1284 4019 1406 4059 ornatu
1428 3998 1525 4076 aliquo

314 4095 413 4171 (addit
431 4099 461 4153 tn
482 4093 655 4173 Leidensis)
673 4093 835 4156 ...fano'.’'

317 4247 528 4258 ----——-1

391 4328 457 4390 974.
497 4332 634 4400 Palatina
654 4331 817 4391 Fraterius.
917 4326 1036 4388 *Ocni
1054 4328 1204 4390 commin
1225 4328 1314 4388 Lacr.
1336 4322 1428 4408 p.3t.

393 4409 457 4469 980.
499 4411 558 4467 ciat
579 4409 710 4485 Lipsius.
1393 4455 1396 4460 ,

389 2391 455 2452 9ῖ3.
496 2390 611 2450 Nonius
632 2394 734 2470 pano,
747 2397 784 2454 25
802 2362 984 2466 '“Volutara
1008 2392 1189 2469 cogitatione
1204 2394 1383 2470 perquirere.
1405 2395 1525 2456 ..Lu-
