3300 5166
344 387 390 454 50

451 578 518 625 non
540 557 713 642 ergastilus
735 580 817 628 uuus

454 745 701 813 tintinnabulum
724 749 816 815 abest
837 749 911 814 hino
933 749 1153 834 surpiculique
1174 703 1367 816 boletorum.

449 947 550 1013 multa
572 945 716 1012 homines
738 951 887 1029 portenta
908 948 942 1012 iu
964 945 1094 1012 Homeri
1117 947 1254 1013 veusibu’
1278 945 1352 1011 ficta

362 1060 415 1119 tto
451 1054 594 1114 monstra
616 1053 749 1133 putant.
784 1066 918 1130 quorum
940 1049 974 1114 in
997 1049 1108 1133 primis
1131 1048 1308 1135 Polyfemu’
1333 1048 1490 1114 ducentos

452 1150 589 1239 Cyclops
612 1151 721 1233 longu'
744 1149 854 1235 pedes,
879 1156 910 1214 et
931 1171 1027 1235 porro
1050 1152 1123 1217 huic
1146 1151 1240 1217 maiu’
1265 1151 1418 1217 bacillum

451 1274 548 1341 quam
571 1254 675 1318 malus
697 1253 775 1320 navi
798 1253 832 1317 in
854 1254 979 1320 corbita
1000 1255 1158 1321 maximus
1181 1254 1258 1320 ulla.

453 1445 513 1513 soit
535 1444 704 1529 poeeticon
726 1460 807 1526 esse,
831 1441 919 1508 videt
940 1441 1049 1508 tunica
1070 1451 1102 1509 et
1124 1449 1201 1524 toga
1224 1443 1301 1528 quid
1324 1443 1374 1508 sit.

453 1633 602 1718 paenula,
625 1633 654 1696 si
676 1628 815 1716 quaeris,
839 1629 1012 1696 cantheriu’
1036 1630 1141 1712 servu’
1164 1636 1307 1713 segestro

364 1744 423 1836 44⁵!
452 1735 583 1801 utiliora
603 1732 680 1797 mihi
704 1737 777 1798 sunt
798 1752 895 1814 quam
918 1733 1060 1816 sapiens.

453 1944 524 1991 oum
546 1927 650 1987 teeum
673 1918 881 2003 estsquidvis
904 1919 984 1985 satis
1007 1925 1070 1985 est:
1094 1921 1194 1986 visuri
1217 1921 1315 1986 alieni

344 2083 555 2107 ..ι-ιι·-

423 2187 491 2248 437.
532 2187 648 2247 Nonius
673 2204 702 2262 p.
717 2181 818 2256 44i,i
848 2182 1053 2258 “Ergastilnm
1079 2188 1110 2243 et
1136 2183 1296 2259 ergastilus
1321 2191 1354 2244 ut
1379 2201 1489 2261 genere
1514 2183 1556 2241 ita

348 2283 550 2346 intellectibus
571 2279 721 2340 differunt:
742 2296 810 2338 nam
830 2286 934 2338 neutro
955 2279 1082 2338 carceris
1102 2279 1256 2351 lucescet,
1279 2278 1442 2338 masculino
1456 2283 1555 2336 custos

345 2379 482 2459 poenalis
499 2376 565 2436 loci.
600 2374 733 2434 Lucilius
755 2375 804 2432 lib.
820 2392 860 2430 xv
881 2373 950 2431 ‘non
971 2373 1129 2448 ergastilus
1151 2373 1243 2431 unus'.
1273 2379 1303 2431 et
1323 2374 1398 2431 alius
1420 2371 1555 2430 ‘iudicem

348 2477 484 2544 (iudicem)
508 2470 657 2548 adposuit,
678 2473 713 2528 ut
732 2485 815 2527 nemo
838 2468 1013 2527 sententiam
1032 2467 1135 2543 libere,
1156 2468 1242 2542 quasi
1263 2467 1438 2541 ergastilus,
1459 2466 1555 2542 possit

346 2567 479 2630 dicere'.”
509 2565 553 2624 ita
572 2563 646 2623 haec
667 2563 802 2622 distinxit
821 2562 942 2640 Lipsius
965 2563 993 2620 iu
1014 2562 1173 2620 electorum
1192 2561 1269 2620 libro
1283 2580 1317 2632 u,
1335 2563 1383 2632 153
1403 2561 1456 2636 qul
1475 2569 1554 2618 recte

346 2664 418 2722 dicit
438 2659 619 2735 ergastulum
641 2675 707 2715 esse
729 2658 825 2732 ipsum
847 2674 973 2728 servum,
997 2672 1054 2713 non
1076 2653 1239 2713 custodem.
1538 2727 1539 2730 Ἴ

420 2756 486 2813 438.
527 2751 642 2811 Nonius
669 2769 698 2826 p.
713 2751 786 2820 490,
807 2737 1061 2807 23'“Holeu0rum
1081 2764 1137 2824 pro
1161 2747 1291 2806 holerum
1315 2747 1449 2806 Lucilius
1475 2752 1553 2822 saty-

345 2868 443 2910 rarum
462 2847 513 2905 lib.
528 2864 569 2902 xv
589 2841 824 2902 ‘tintinnabulum
840 2841 1097 2901 ...bolenorum'.''

421 2943 488 2999 439.
527 2938 642 2998 Nonius
668 2956 697 3013 p.
713 2939 786 3008 533,
810 2938 846 2994 14
871 2935 1027 2996 “Gurbita
1053 2941 1098 2994 est
1124 2953 1219 3010 genus
1247 2937 1357 3011 navigii
1382 2936 1499 2996 tardum
1526 2943 1556 2996 ct

345 3036 468 3110 grande.
491 3078 536 3094 ...
552 3032 685 3090 Lucilius
700 3035 865 3107 satyrarum
885 3032 937 3089 lib.
948 3049 989 3088 xv
1011 3029 1113 3089 ‘multa
1126 3047 1373 3088 ...vnusiuicaua
1393 3031 1477 3105 (cerei
1484 3035 1554 3106 Jteta

344 3126 518 3201 Leideusis)
534 3172 540 3185 .
554 3171 561 3185 .
573 3171 579 3185 .
592 3126 753 3183 baccbillum
767 3169 774 3183 .
786 3170 793 3183 .
807 3170 813 3182 .
826 3144 914 3181 navis
936 3125 964 3181 iu
979 3169 986 3181 .
999 3169 1005 3182 .
1017 3169 1023 3182 .
1037 3123 1131 3182 ulla'.”

422 3223 488 3280 443.
529 3220 645 3281 Nonius
672 3237 701 3295 p.
715 3220 787 3291 536,
806 3220 843 3277 28
869 3217 1006 3275 “Tunica
1031 3221 1078 3274 est
1102 3216 1306 3275 vestimentum
1333 3219 1394 3276 sine
1420 3219 1553 3277 manicis.

347 3361 353 3376 .
368 3361 374 3374 .
389 3315 484 3375 .idcm
505 3314 555 3372 lib.
569 3331 611 3370 xv
631 3311 698 3371 ‘scit
712 3316 842 3386 poeticen
856 3356 863 3369 .
875 3357 882 3369 .
895 3357 900 3368 .
912 3328 1053 3366 uuuicau
1069 3311 1198 3370 ...sit'.’'

422 3410 489 3468 444.
529 3405 646 3466 Nonius
661 3424 690 3481 p.
698 3404 765 3476 531,
779 3407 797 3465 9
811 3403 966 3464 “Paenula
977 3411 1023 3463 est
1033 3404 1124 3463 vestis
1136 3423 1222 3480 quam
1235 3423 1326 3481 supra
1336 3406 1466 3465 tunicam
1478 3406 1554 3465 acci·

344 3503 450 3580 pimus.
473 3545 518 3560 ...
534 3500 666 3558 Lucilius
682 3506 846 3576 satyrarum
866 3499 917 3557 lib.
929 3516 969 3556 xv
991 3497 1163 3554 ‘nanuunau
1180 3517 1365 3558 ...unimou
1381 3499 1452 3557 mibi
1466 3516 1553 3559 nunu

347 3594 503 3673 sapiens’.''

420 3690 487 3747 446.
527 3687 643 3748 Nouius
664 3704 692 3763 p.
708 3686 806 3761 538,2
828 3684 938 3743 “Pelle
958 3694 1004 3749 est
1023 3687 1166 3746 honestae
1187 3685 1314 3744 mulieris
1336 3686 1554 3760 vestimentum,

345 3827 546 3842 *¹*—

420 3905 486 3964 438.
529 3902 767 3973 Instrumentum,
788 3898 844 3957 uisi
864 3897 960 3973 fallor,
982 3899 1138 3975 gallorum.
1178 3915 1246 3957 nam
1267 3895 1313 3966 τίς
1333 3891 1389 3955 οὐκ
1411 3893 1555 3973 ἀπαρχὰς

344 3976 482 4058 ὀσπρίων
508 3999 539 4038 τε
566 3975 616 4050 καὶ
643 3974 736 4035 σίτων
762 3970 845 4056 ἁγνῷ
870 3972 973 4053 φέρων
999 3975 1108 4034 δίδωσι
1135 3969 1285 4054 τυμπάνῳ
1308 3971 1415 4050 Ῥείης
1443 3974 1553 4050 (Babr.

403 4101 486 4193 7439.
526 4128 638 4191 oesiba’
652 4129 723 4205 fleta
743 4127 879 4188 Rothius.

420 4211 487 4269 442.
526 4209 702 4268 uncilenus
723 4205 835 4265 Dousa.

420 4290 486 4346 443.
527 4286 631 4346 Iunius
651 4275 808 4357 ποιητικόν
828 4288 858 4341 et
878 4283 979 4340 metica.

298 4369 303 4380 '
419 4365 486 4423 444.
526 4365 634 4422 Penula
654 4359 767 4419 Iunius.

419 4442 485 4500 445.
526 4441 618 4498 Ianus
639 4439 743 4496 Dousa
763 4454 845 4511 quam
864 4436 1010 4509 sapientia.
