3298 5170
624 331 762 384 1-xxv.
786 329 867 383 xxx
1286 328 1345 391 111

124 501 223 570 *1020
246 499 407 569 sustineas
430 519 567 587 aurnum,
590 504 626 567 ut
648 501 741 570 bonu’
766 521 864 588 saepe
887 500 1034 586 agitator,
1059 519 1222 585 equosque

148 680 236 741 1⁰2⁰a
245 675 357 759 virtus,
380 673 508 760 Albine,
533 679 581 740 est
602 674 738 759 pretium
761 675 947 758 persolvere
969 693 1081 740 verum

242 778 334 862 queis
357 776 391 843 in
412 796 586 861 versamur,
611 776 703 860 queis
726 776 854 844 vivimu’
879 777 967 843 rebu'
992 780 1131 862 potesse,

242 881 345 947 virtus
368 886 419 946 est
439 878 560 946 homini
582 878 663 945 seira
686 878 719 943 id
742 879 829 963 quod
851 899 1001 964 quaeque
1022 880 1142 946 habeat
1162 897 1225 962 res,

243 983 345 1050 virtus
368 983 453 1048 seire
475 981 596 1047 homini
619 987 739 1047 rectum
761 982 841 1049 utile
864 983 942 1067 quid
964 982 1006 1048 sit
1027 982 1204 1066 honestum,

243 1105 328 1171 quae
350 1087 436 1153 bona
457 1103 542 1169 quae
564 1082 653 1149 mala
674 1085 760 1170 item,
784 1085 861 1168 quid
883 1085 995 1152 inutile
1017 1090 1111 1171 turpe
1132 1083 1347 1170 inhonestum,

242 1189 346 1256 virtus
370 1187 576 1274 quaerendae
598 1187 695 1255 finem
716 1209 751 1254 re
775 1189 857 1255 seire
879 1189 1083 1273 modumque,

245 1293 346 1360 virtus
370 1291 493 1358 divitiis
515 1290 654 1377 pretium
676 1290 861 1377 persolvere
882 1312 988 1378 posse,

243 1396 347 1462 virtus
369 1394 404 1459 id
428 1393 506 1460 dare
529 1392 615 1477 quod
637 1413 673 1459 re
695 1395 768 1480 ipsa
790 1395 924 1461 debetur
945 1396 1070 1481 honon',

242 1498 367 1565 hostem
390 1516 461 1564 esse
483 1501 580 1580 atque
601 1497 764 1563 inimieum
787 1497 952 1564 hominum
972 1517 1162 1581 morumque
1179 1497 1347 1581 malorum,

243 1606 355 1667 eontra
378 1599 580 1666 defensorem
602 1599 764 1666 hominum
787 1623 974 1688 morumque
997 1603 1162 1687 bonorum,

243 1703 452 1788 magnifioare
474 1704 543 1789 hos,
566 1703 617 1770 his
639 1702 721 1769 bene
744 1705 838 1791 velle,
861 1707 912 1774 his
934 1707 1045 1774 rivere
1067 1704 1213 1784 amioum,

245 1806 415 1874 eommoda
430 1810 605 1894 ,praeterea
627 1807 753 1892 patriae
775 1808 837 1874 sibi
858 1810 963 1895 prima
983 1815 1108 1896 putare,

244 1909 362 1976 deinde
384 1916 562 1997 parentum,
585 1912 681 1977 tertia
702 1911 767 1976 iam
788 1917 1013 1997 postremaque
1035 1919 1156 1978 nostra.

150 2083 330 2147 ronobnuno
351 2102 428 2149 vero
451 2101 472 2148 a
494 2102 589 2149 mane
611 2082 654 2149 ad
676 2089 810 2170 nootem,
835 2084 917 2151 festo
939 2090 1037 2169 atque
1054 2083 1198 2170 profesto

244 2190 331 2251 totus
353 2185 430 2250 item
452 2186 638 2272 pariterque
660 2186 713 2253 die
735 2189 938 2273 populusque
959 2194 1134 2273 patresque

245 2287 367 2356 iactare
388 2287 468 2354 indu
491 2287 561 2354 foro
585 2310 620 2356 se
643 2309 764 2374 omnes,
789 2289 947 2357 decedere
970 2310 1137 2373 nusquam,

245 2391 301 2457 uni
323 2413 360 2458 se
382 2399 478 2476 atque
501 2392 606 2460 eidem
627 2392 735 2458 studio
759 2413 869 2458 omnes
893 2394 1013 2460 dedere
1035 2399 1066 2459 et
1088 2393 1159 2474 arti,

245 2495 347 2562 verba
369 2495 505 2561 darent
528 2499 619 2562 oaute
641 2495 774 2580 possint,
797 2513 944 2581 pugnare
968 2496 1091 2582 dolose,

245 2597 406 2664 blanditia
429 2603 561 2682 oertare,
585 2597 704 2663 bonum
727 2597 879 2665 simulare
902 2600 1005 2666 virum
1028 2621 1074 2686 se,

245 2700 381 2767 insidias
404 2699 522 2785 faeere,
545 2707 581 2767 ut
603 2699 631 2766 si
652 2699 761 2766 hostes
785 2703 849 2769 sint
872 2703 1021 2770 omnibus
1044 2723 1165 2769 omnes.

136 2873 170 2929 11,
183 2857 239 2932 8,1
261 2853 323 2916 “Et
337 2858 412 2918 seito
429 2857 586 2918 (lurionem
606 2856 827 2930 adulescentem
847 2861 965 2920 venisse
980 2860 1019 2920 ad
1033 2877 1078 2919 me
1095 2859 1263 2920 salutatum.
1290 2859 1350 2918 val·

137 2949 176 3010 ds
198 2950 261 3010 eius
281 2969 377 3011 sermo
399 2951 436 3010 de
450 2953 558 3013 Publio
580 2971 646 3011 oum
666 2951 725 3011 tuis
741 2952 846 3014 litteris
861 2956 1059 3029 congruebat3
1079 2955 1143 3031 ipse
1158 2971 1229 3012 vero
1243 2954 1349 3014 miran-

137 3044 208 3104 dum
228 3043 258 3104 in
278 3046 398 3105 modum
417 3046 514 3123 ‘reges
535 3046 634 3106 odisse
656 3045 837 3123 superbos'.”
877 3048 1120 3125 Conferx1,342.

218 3141 302 3200 1020.
343 3141 450 3202 Oioero
465 3159 512 3218 ep.
527 3141 566 3202 ad
581 3141 714 3202 Atticum
728 3144 880 3219 x111,21,3
901 3142 986 3204 “Neo
1007 3145 1055 3203 est
1074 3142 1178 3201 melius
1192 3142 1350 3219 quicquam

137 3251 228 3312 quam
250 3240 285 3295 ut
303 3236 439 3296 Lucullos
462 3237 599 3315 (Iasoilim
618 3237 798 3315 Malaspina)
820 3237 980 3299 ‘sustineas
995 3236 1239 3314 ...equosque’.''
1273 3235 1351 3295 Gon·

137 3330 184 3390 fer
203 3329 303 3390 Aosd.
320 3330 412 3409 prior.
425 3349 458 3408 n,
470 3333 518 3407 29,
533 3332 572 3390 94
592 3330 694 3391 “Nihil
714 3349 760 3390 me
780 3331 884 3407 laedit,
904 3333 1009 3409 inquit,
1030 3349 1088 3406 ego
1108 3332 1185 3390 enim
1204 3335 1237 3388 ut
1257 3329 1350 3404 agita·

137 3430 187 3484 tor
205 3424 333 3485 callidus
353 3426 437 3503 prins
458 3443 547 3503 quam
567 3425 713 3485 adfinem
733 3426 858 3502 reniam,
879 3443 972 3503 equos
995 3427 1159 3497 sustinebo,
1182 3440 1275 3500 eoque
1291 3440 1350 3481 ma-

137 3518 197 3596 gis,
217 3518 242 3580 si
261 3521 346 3580 loons
365 3521 402 3596 is,
423 3537 482 3597 quo
503 3520 635 3580 ferentur
654 3521 733 3598 eqni,
753 3539 900 3598 praeceps
922 3520 1003 3581 erit.”

219 3615 317 3676 10202.
357 3615 535 3675 Lactantius
555 3614 645 3674 instit.
657 3633 697 3690 vr,
712 3617 774 3690 d,2
795 3614 1017 3692 “Quaecunque
1037 3617 1136 3674 antem
1156 3612 1186 3672 in
1207 3610 1350 3670 definitio-

138 3726 206 3770 nem
226 3709 342 3770 rirtutis
364 3711 463 3770 solent
483 3709 591 3784 dicere,
611 3708 716 3785 paucis
736 3709 871 3769 versibus
893 3710 1007 3786 colligit
1023 3715 1054 3768 et
1072 3712 1190 3768 enarrat
1202 3705 1351 3778 Lnoilius;

138 3821 217 3882 qnos
242 3805 318 3863 malo
344 3804 481 3882 equidem
507 3820 635 3881 ponere,
658 3820 694 3862 ne
716 3802 784 3863 dum
807 3804 961 3864 multorum
987 3803 1150 3866 sententias
1171 3801 1274 3860 refello
1297 3800 1352 3859 sim

137 3898 258 3976 longior
281 3917 370 3978 quam
390 3915 515 3960 neeesse
541 3904 601 3958 est:
622 3895 725 3958 ‘virtus
741 3900 935 3958 ...nostra’‚'’
976 3899 1087 3960 Confer
1108 3895 1219 3957 ibidem
1240 3912 1265 3954 o.
1280 3896 1308 3970 6,
1324 3897 1350 3954 7.

144 3997 159 4053 1
183 4040 190 4054 .
213 3994 258 4053 18.

161 3996 181 4054 ⁰
219 4088 317 4148 10200.
357 4088 536 4148 Lactantius
557 4086 648 4149 instit.
660 4105 688 4162 r,
699 4089 726 4161 0,
738 4089 775 4146 20
796 4085 881 4146 “Sed
902 4096 931 4147 et
950 4085 1083 4146 Lucilius
1104 4085 1294 4146 tenebrosam
1313 4081 1351 4142 is-

138 4189 200 4243 tam
222 4182 313 4242 vitam
334 4181 556 4259 circumscripte
575 4180 763 4258 breviterque
781 4181 918 4260 depinxit
931 4181 977 4240 his
992 4179 1129 4241 versibus
1149 4177 1237 4238 ‘nuno
1252 4223 1258 4236 .
1271 4223 1277 4236 .
1291 4184 1352 4238 ,to-

139 4285 189 4339 tns
209 4278 279 4338 item
300 4276 368 4354 (tolo
387 4279 481 4338 itidem
501 4278 593 4338 Ianus
613 4276 729 4351 Dousa)
744 4320 750 4334 .
763 4322 769 4335 .
783 4321 790 4334 .
802 4276 939 4336 omnes'.''

220 4409 317 4470 1020a
356 4407 403 4466 De
424 4403 606 4469 adsentor
626 4401 665 4462 ad
686 4423 712 4465 r.
726 4405 764 4462 33
784 4411 815 4464 es
833 4405 890 4464 223
911 4410 942 4464 et
963 4400 1028 4462 887.

1328 4605 1640 4901 «l
