<?xml version="1.0" encoding="UTF-8"?>
<!DOCTYPE html PUBLIC "-//W3C//DTD XHTML 1.0 Transitional//EN"
    "http://www.w3.org/TR/xhtml1/DTD/xhtml1-transitional.dtd">
<html xmlns="http://www.w3.org/1999/xhtml" xml:lang="en" lang="en">
 <head>
  <title>
</title>
<meta http-equiv="Content-Type" content="text/html;charset=utf-8" />
  <meta name='ocr-system' content='tesseract 3.04.00' />
  <meta name='ocr-capabilities' content='ocr_page ocr_carea ocr_par ocr_line ocrx_word'/>
</head>
<body>
  <div class='ocr_page' id='page_1' title='image "./saturarum00lucigoog_0020.png"; bbox 0 0 3300 5166; ppageno 0'>
   <div class='ocr_carea' id='block_1_1' title="bbox 704 1243 725 1326">
    <p class='ocr_par' dir='ltr' id='par_1_1' title="bbox 704 1243 725 1326">
     <span class='ocr_line' id='line_1_1' title="bbox 704 1243 725 1326; baseline 0 0"><span class='ocrx_word' id='word_1_1' title='bbox 704 1243 725 1326; x_wconf 93' lang='lat' dir='ltr'>I</span> 
     </span>
    </p>
   </div>
   <div class='ocr_carea' id='block_1_2' title="bbox 194 1483 1078 1940">
    <p class='ocr_par' dir='ltr' id='par_1_2' title="bbox 194 1483 1078 1940">
     <span class='ocr_line' id='line_1_2' title="bbox 194 1483 1067 1614; baseline 0.002 -22"><span class='ocrx_word' id='word_1_2' title='bbox 194 1483 356 1602; x_wconf 69' lang='lat' dir='ltr'>Aetheris</span> <span class='ocrx_word' id='word_1_3' title='bbox 380 1531 411 1593; x_wconf 86' lang='lat' dir='ltr'>et</span> <span class='ocrx_word' id='word_1_4' title='bbox 433 1532 538 1594; x_wconf 84' lang='lat' dir='ltr'>terrae</span> <span class='ocrx_word' id='word_1_5' title='bbox 561 1527 738 1609; x_wconf 78' lang='lat' dir='ltr'>genitabile</span> <span class='ocrx_word' id='word_1_6' title='bbox 762 1547 917 1610; x_wconf 87' lang='lat' dir='ltr'>quaerere</span> <span class='ocrx_word' id='word_1_7' title='bbox 939 1534 1067 1614; x_wconf 82' lang='lat' dir='ltr'>tempus</span> 
     </span>
     <span class='ocr_line' id='line_1_3' title="bbox 197 1700 501 1785; baseline -0.007 -20"><span class='ocrx_word' id='word_1_8' title='bbox 197 1701 268 1785; x_wconf 91' lang='lat' dir='ltr'>quis</span> <span class='ocrx_word' id='word_1_9' title='bbox 292 1701 378 1783; x_wconf 83' lang='lat' dir='ltr'>leget</span> <span class='ocrx_word' id='word_1_10' title='bbox 398 1700 501 1768; x_wconf 81' lang='lat' dir='ltr'>hacc?</span> 
     </span>
     <span class='ocr_line' id='line_1_4' title="bbox 198 1872 1078 1940; baseline 0.001 -3"><span class='ocrx_word' id='word_1_11' title='bbox 198 1872 367 1937; x_wconf 89' lang='lat' dir='ltr'>consilium</span> <span class='ocrx_word' id='word_1_12' title='bbox 389 1873 521 1938; x_wconf 87' lang='lat' dir='ltr'>summis</span> <span class='ocrx_word' id='word_1_13' title='bbox 544 1872 706 1937; x_wconf 90' lang='lat' dir='ltr'>hominum</span> <span class='ocrx_word' id='word_1_14' title='bbox 729 1873 769 1940; x_wconf 89' lang='lat' dir='ltr'>de</span> <span class='ocrx_word' id='word_1_15' title='bbox 792 1873 886 1940; x_wconf 89' lang='lat' dir='ltr'>rebus</span> <span class='ocrx_word' id='word_1_16' title='bbox 907 1873 1078 1940; x_wconf 83' lang='lat' dir='ltr'>habebant.</span> 
     </span>
    </p>
   </div>
   <div class='ocr_carea' id='block_1_3' title="bbox 200 2043 976 2130">
    <p class='ocr_par' dir='ltr' id='par_1_3' title="bbox 200 2043 976 2130">
     <span class='ocr_line' id='line_1_5' title="bbox 200 2043 976 2130; baseline 0 -20"><span class='ocrx_word' id='word_1_17' title='bbox 200 2043 325 2110; x_wconf 79' lang='lat' dir='ltr'>‘vellem</span> <span class='ocrx_word' id='word_1_18' title='bbox 349 2065 419 2109; x_wconf 89' lang='lat' dir='ltr'>curn</span> <span class='ocrx_word' id='word_1_19' title='bbox 439 2045 564 2128; x_wconf 88' lang='lat' dir='ltr'>primis,</span> <span class='ocrx_word' id='word_1_20' title='bbox 589 2044 656 2110; x_wconf 87' lang='lat' dir='ltr'>fiori</span> <span class='ocrx_word' id='word_1_21' title='bbox 679 2045 706 2109; x_wconf 88' lang='lat' dir='ltr'>si</span> <span class='ocrx_word' id='word_1_22' title='bbox 729 2045 812 2110; x_wconf 84' lang='lat' dir='ltr'>forte</span> <span class='ocrx_word' id='word_1_23' title='bbox 833 2046 976 2130; x_wconf 88' lang='lat' dir='ltr'>potisset,</span> 
     </span>
    </p>
   </div>
   <div class='ocr_carea' id='block_1_4' title="bbox 124 2199 334 2224">
    <p class='ocr_par' dir='ltr' id='par_1_4' title="bbox 124 2199 334 2224">
     <span class='ocr_line' id='line_1_6' title="bbox 124 2199 334 2224; baseline 0.01 -2"><span class='ocrx_word' id='word_1_24' title='bbox 124 2199 334 2224; x_wconf 36' lang='lat' dir='ltr'><strong><em>d</em></strong></span> 
     </span>
    </p>
   </div>
   <div class='ocr_carea' id='block_1_5' title="bbox 11 2301 1328 2851">
    <p class='ocr_par' dir='ltr' id='par_1_5' title="bbox 11 2301 1328 2851">
     <span class='ocr_line' id='line_1_7' title="bbox 197 2301 1325 2382; baseline 0 -18"><span class='ocrx_word' id='word_1_25' title='bbox 197 2309 222 2364; x_wconf 85' lang='lat'>1.</span> <span class='ocrx_word' id='word_1_26' title='bbox 262 2303 360 2362; x_wconf 84' lang='lat' dir='ltr'>Varro</span> <span class='ocrx_word' id='word_1_27' title='bbox 387 2301 424 2361; x_wconf 91' lang='lat' dir='ltr'>de</span> <span class='ocrx_word' id='word_1_28' title='bbox 449 2304 552 2378; x_wconf 82' lang='lat' dir='ltr'>lingue</span> <span class='ocrx_word' id='word_1_29' title='bbox 574 2305 641 2362; x_wconf 83' lang='lat' dir='ltr'>Lat.</span> <span class='ocrx_word' id='word_1_30' title='bbox 663 2323 682 2362; x_wconf 91' lang='lat' dir='ltr'>v</span> <span class='ocrx_word' id='word_1_31' title='bbox 702 2322 731 2380; x_wconf 87' lang='lat' dir='ltr'>p.</span> <span class='ocrx_word' id='word_1_32' title='bbox 748 2307 780 2381; x_wconf 87' lang='lat'>9,</span> <span class='ocrx_word' id='word_1_33' title='bbox 806 2310 821 2364; x_wconf 95' lang='lat'>1</span> <span class='ocrx_word' id='word_1_34' title='bbox 854 2304 902 2364; x_wconf 87' lang='lat' dir='ltr'>“A</span> <span class='ocrx_word' id='word_1_35' title='bbox 930 2323 989 2382; x_wconf 86' lang='lat' dir='ltr'>qua</span> <span class='ocrx_word' id='word_1_36' title='bbox 1014 2304 1155 2381; x_wconf 79' lang='lat' dir='ltr'>bipertita</span> <span class='ocrx_word' id='word_1_37' title='bbox 1181 2305 1325 2364; x_wconf 81' lang='lat' dir='ltr'>divisione</span> 
     </span>
     <span class='ocr_line' id='line_1_8' title="bbox 115 2398 1326 2473; baseline -0.002 -15"><span class='ocrx_word' id='word_1_38' title='bbox 115 2400 261 2458; x_wconf 78' lang='lat' dir='ltr'>Lucretius</span> <span class='ocrx_word' id='word_1_39' title='bbox 285 2415 403 2457; x_wconf 87' lang='lat' dir='ltr'>suorum</span> <span class='ocrx_word' id='word_1_40' title='bbox 427 2419 509 2456; x_wconf 87' lang='lat' dir='ltr'>uuuru</span> <span class='ocrx_word' id='word_1_41' title='bbox 537 2405 567 2456; x_wconf 90' lang='lat' dir='ltr'>et</span> <span class='ocrx_word' id='word_1_42' title='bbox 588 2398 688 2473; x_wconf 85' lang='lat' dir='ltr'>viginti</span> <span class='ocrx_word' id='word_1_43' title='bbox 709 2399 850 2459; x_wconf 84' lang='lat' dir='ltr'>librorum</span> <span class='ocrx_word' id='word_1_44' title='bbox 871 2399 983 2459; x_wconf 88' lang='lat' dir='ltr'>initium</span> <span class='ocrx_word' id='word_1_45' title='bbox 1002 2399 1072 2458; x_wconf 85' lang='lat' dir='ltr'>fecit</span> <span class='ocrx_word' id='word_1_46' title='bbox 1092 2399 1162 2473; x_wconf 86' lang='lat' dir='ltr'>hoc,</span> <span class='ocrx_word' id='word_1_47' title='bbox 1187 2398 1326 2458; x_wconf 79' lang='lat' dir='ltr'>‘aetheris</span> 
     </span>
     <span class='ocr_line' id='line_1_9' title="bbox 180 2492 1305 2568; baseline 0.005 -17.687"><span class='ocrx_word' id='word_1_48' title='bbox 180 2492 331 2568; x_wconf 53' lang='lat' dir='ltr'>tempug’fl</span> <span class='ocrx_word' id='word_1_49' title='bbox 1301 2550 1305 2556; x_wconf 88' lang='lat'><strong>.</strong></span> 
     </span>
     <span class='ocr_line' id='line_1_10' title="bbox 11 2585 1327 2670; baseline 0.002 -26"><span class='ocrx_word' id='word_1_50' title='bbox 11 2663 12 2670; x_wconf 8' lang='grc' dir='ltr'>ἵ</span> <span class='ocrx_word' id='word_1_51' title='bbox 193 2590 218 2644; x_wconf 70' lang='lat' dir='ltr'>‘A</span> <span class='ocrx_word' id='word_1_52' title='bbox 260 2585 387 2645; x_wconf 85' lang='lat' dir='ltr'>Glossae</span> <span class='ocrx_word' id='word_1_53' title='bbox 408 2585 436 2644; x_wconf 92' lang='lat' dir='ltr'>in</span> <span class='ocrx_word' id='word_1_54' title='bbox 452 2585 549 2645; x_wconf 87' lang='lat' dir='ltr'>Persii</span> <span class='ocrx_word' id='word_1_55' title='bbox 564 2591 694 2646; x_wconf 84' lang='lat' dir='ltr'>suturam</span> <span class='ocrx_word' id='word_1_56' title='bbox 716 2607 736 2663; x_wconf 84' lang='lat'>1,</span> <span class='ocrx_word' id='word_1_57' title='bbox 750 2589 768 2646; x_wconf 84' lang='lat'>2</span> <span class='ocrx_word' id='word_1_58' title='bbox 790 2587 884 2662; x_wconf 82' lang='lat' dir='ltr'>“Quis</span> <span class='ocrx_word' id='word_1_59' title='bbox 899 2589 978 2663; x_wconf 86' lang='lat' dir='ltr'>leget</span> <span class='ocrx_word' id='word_1_60' title='bbox 992 2586 1087 2646; x_wconf 79' lang='lat' dir='ltr'>haec?</span> <span class='ocrx_word' id='word_1_61' title='bbox 1108 2586 1197 2646; x_wconf 89' lang='lat' dir='ltr'>Hune</span> <span class='ocrx_word' id='word_1_62' title='bbox 1212 2605 1327 2648; x_wconf 88' lang='lat' dir='ltr'>versum</span> 
     </span>
     <span class='ocr_line' id='line_1_11' title="bbox 11 2679 1089 2756; baseline 0.008 -21"><span class='ocrx_word' id='word_1_63' title='bbox 11 2737 12 2756; x_wconf 14' lang='grc' dir='ltr'>χ</span> <span class='ocrx_word' id='word_1_64' title='bbox 117 2679 153 2738; x_wconf 91' lang='lat' dir='ltr'>de</span> <span class='ocrx_word' id='word_1_65' title='bbox 175 2679 283 2738; x_wconf 81' lang='lat' dir='ltr'>Lucilii</span> <span class='ocrx_word' id='word_1_66' title='bbox 302 2680 396 2756; x_wconf 88' lang='lat' dir='ltr'>primo</span> <span class='ocrx_word' id='word_1_67' title='bbox 417 2681 593 2740; x_wconf 82' lang='lat' dir='ltr'>transtulit.”</span> <span class='ocrx_word' id='word_1_68' title='bbox 1088 2747 1089 2752; x_wconf 58' lang='grc'>,</span> 
     </span>
     <span class='ocr_line' id='line_1_12' title="bbox 11 2763 1328 2851; baseline 0 -19"><span class='ocrx_word' id='word_1_69' title='bbox 11 2763 12 2770; x_wconf 36' lang='lat'>¹</span> <span class='ocrx_word' id='word_1_70' title='bbox 195 2777 221 2832; x_wconf 87' lang='lat'>3.</span> <span class='ocrx_word' id='word_1_71' title='bbox 263 2774 384 2834; x_wconf 82' lang='lat' dir='ltr'>Seruius</span> <span class='ocrx_word' id='word_1_72' title='bbox 417 2775 455 2832; x_wconf 81' lang='lat' dir='ltr'>ad</span> <span class='ocrx_word' id='word_1_73' title='bbox 481 2776 633 2834; x_wconf 85' lang='lat' dir='ltr'>Aeneidos</span> <span class='ocrx_word' id='word_1_74' title='bbox 659 2794 700 2851; x_wconf 83' lang='lat' dir='ltr'>rx,</span> <span class='ocrx_word' id='word_1_75' title='bbox 722 2772 776 2835; x_wconf 75' lang='lat'>227</span> <span class='ocrx_word' id='word_1_76' title='bbox 810 2774 993 2834; x_wconf 85' lang='lat' dir='ltr'>“Consilium</span> <span class='ocrx_word' id='word_1_77' title='bbox 1026 2775 1145 2836; x_wconf 86' lang='lat' dir='ltr'>summis</span> <span class='ocrx_word' id='word_1_78' title='bbox 1174 2776 1258 2850; x_wconf 81' lang='lat' dir='ltr'>regni</span> <span class='ocrx_word' id='word_1_79' title='bbox 1291 2773 1328 2832; x_wconf 92' lang='lat' dir='ltr'>de</span> 
     </span>
    </p>
   </div>
   <div class='ocr_carea' id='block_1_6' title="bbox 11 2868 1327 2947">
    <p class='ocr_par' dir='ltr' id='par_1_6' title="bbox 11 2868 1327 2947">
     <span class='ocr_line' id='line_1_13' title="bbox 11 2868 1327 2947; baseline -0.001 -20"><span class='ocrx_word' id='word_1_80' title='bbox 11 2901 12 2920; x_wconf 60' lang='grc' dir='ltr'><strong>ι</strong></span> <span class='ocrx_word' id='word_1_81' title='bbox 118 2869 205 2927; x_wconf 86' lang='lat' dir='ltr'>rebus</span> <span class='ocrx_word' id='word_1_82' title='bbox 226 2868 385 2930; x_wconf 83' lang='lat' dir='ltr'>habehant.</span> <span class='ocrx_word' id='word_1_83' title='bbox 426 2868 569 2943; x_wconf 76' lang='lat' dir='ltr'>Summis,</span> <span class='ocrx_word' id='word_1_84' title='bbox 597 2875 691 2928; x_wconf 90' lang='lat' dir='ltr'>utrum</span> <span class='ocrx_word' id='word_1_85' title='bbox 713 2869 861 2946; x_wconf 83' lang='lat' dir='ltr'>maximis,</span> <span class='ocrx_word' id='word_1_86' title='bbox 888 2889 924 2930; x_wconf 82' lang='lat' dir='ltr'>un</span> <span class='ocrx_word' id='word_1_87' title='bbox 952 2870 1031 2947; x_wconf 88' lang='lat' dir='ltr'>quod</span> <span class='ocrx_word' id='word_1_88' title='bbox 1059 2871 1206 2947; x_wconf 83' lang='lat' dir='ltr'>putabunt</span> <span class='ocrx_word' id='word_1_89' title='bbox 1227 2887 1278 2927; x_wconf 83' lang='lat' dir='ltr'>eus</span> <span class='ocrx_word' id='word_1_90' title='bbox 1299 2869 1327 2926; x_wconf 89' lang='lat' dir='ltr'>in</span> 
     </span>
    </p>
   </div>
   <div class='ocr_carea' id='block_1_7' title="bbox 116 2963 1329 3228">
    <p class='ocr_par' dir='ltr' id='par_1_7' title="bbox 116 2963 1329 3228">
     <span class='ocr_line' id='line_1_14' title="bbox 117 2963 1329 3024; baseline 0 -3"><span class='ocrx_word' id='word_1_91' title='bbox 117 2970 248 3022; x_wconf 86' lang='lat' dir='ltr'>extremo</span> <span class='ocrx_word' id='word_1_92' title='bbox 269 2963 364 3023; x_wconf 80' lang='lat' dir='ltr'>sitas?</span> <span class='ocrx_word' id='word_1_93' title='bbox 385 2967 416 3022; x_wconf 90' lang='lat' dir='ltr'>et</span> <span class='ocrx_word' id='word_1_94' title='bbox 430 2969 476 3022; x_wconf 89' lang='lat' dir='ltr'>est</span> <span class='ocrx_word' id='word_1_95' title='bbox 492 2963 598 3022; x_wconf 87' lang='lat' dir='ltr'>Lu‘ciiii</span> <span class='ocrx_word' id='word_1_96' title='bbox 619 2983 722 3022; x_wconf 83' lang='lat' dir='ltr'>versus</span> <span class='ocrx_word' id='word_1_97' title='bbox 744 2983 801 3022; x_wconf 91' lang='lat' dir='ltr'>uno</span> <span class='ocrx_word' id='word_1_98' title='bbox 822 2971 936 3023; x_wconf 83' lang='lat' dir='ltr'>tanturn</span> <span class='ocrx_word' id='word_1_99' title='bbox 958 2982 1092 3024; x_wconf 84' lang='lat' dir='ltr'>sermone</span> <span class='ocrx_word' id='word_1_100' title='bbox 1113 2971 1239 3024; x_wconf 78' lang='lat' dir='ltr'>mutato:</span> <span class='ocrx_word' id='word_1_101' title='bbox 1262 2980 1329 3022; x_wconf 86' lang='lat' dir='ltr'>uum</span> 
     </span>
     <span class='ocr_line' id='line_1_15' title="bbox 116 3057 686 3117; baseline 0.005 -3"><span class='ocrx_word' id='word_1_102' title='bbox 116 3058 166 3115; x_wconf 86' lang='lat' dir='ltr'>iile</span> <span class='ocrx_word' id='word_1_103' title='bbox 186 3058 229 3116; x_wconf 88' lang='lat' dir='ltr'>ait</span> <span class='ocrx_word' id='word_1_104' title='bbox 248 3057 412 3116; x_wconf 88' lang='lat' dir='ltr'>‘eonsilium</span> <span class='ocrx_word' id='word_1_105' title='bbox 499 3058 686 3117; x_wconf 81' lang='lat' dir='ltr'>habebant&#39;.&#39;²</span> 
     </span>
     <span class='ocr_line' id='line_1_16' title="bbox 195 3151 1328 3228; baseline 0 -18"><span class='ocrx_word' id='word_1_106' title='bbox 195 3151 279 3210; x_wconf 85' lang='lat' dir='ltr'>Idem</span> <span class='ocrx_word' id='word_1_107' title='bbox 295 3152 332 3209; x_wconf 86' lang='lat' dir='ltr'>ed</span> <span class='ocrx_word' id='word_1_108' title='bbox 346 3151 498 3210; x_wconf 77' lang='lat' dir='ltr'>Aeneidos</span> <span class='ocrx_word' id='word_1_109' title='bbox 513 3171 542 3227; x_wconf 89' lang='lat' dir='ltr'>x,</span> <span class='ocrx_word' id='word_1_110' title='bbox 556 3155 611 3213; x_wconf 82' lang='lat'>104</span> <span class='ocrx_word' id='word_1_111' title='bbox 624 3153 782 3228; x_wconf 81' lang='lat' dir='ltr'>“Accipite</span> <span class='ocrx_word' id='word_1_112' title='bbox 796 3170 868 3227; x_wconf 86' lang='lat' dir='ltr'>ergo</span> <span class='ocrx_word' id='word_1_113' title='bbox 882 3153 996 3212; x_wconf 87' lang='lat' dir='ltr'>animis.</span> <span class='ocrx_word' id='word_1_114' title='bbox 1024 3153 1120 3212; x_wconf 85' lang='lat' dir='ltr'>Totus</span> <span class='ocrx_word' id='word_1_115' title='bbox 1136 3153 1183 3212; x_wconf 90' lang='lat' dir='ltr'>hic</span> <span class='ocrx_word' id='word_1_116' title='bbox 1197 3153 1280 3210; x_wconf 90' lang='lat' dir='ltr'>locus</span> <span class='ocrx_word' id='word_1_117' title='bbox 1291 3151 1328 3210; x_wconf 86' lang='lat' dir='ltr'>de</span> 
     </span>
    </p>
   </div>
   <div class='ocr_carea' id='block_1_8' title="bbox 12 3246 1330 3323">
    <p class='ocr_par' dir='ltr' id='par_1_8' title="bbox 12 3246 1330 3323">
     <span class='ocr_line' id='line_1_17' title="bbox 12 3246 1330 3323; baseline 0 -19"><span class='ocrx_word' id='word_1_118' title='bbox 12 3283 13 3288; x_wconf 22' lang='grc' dir='ltr'><strong><em>κ</em></strong></span> <span class='ocrx_word' id='word_1_119' title='bbox 117 3247 212 3322; x_wconf 90' lang='lat' dir='ltr'>primo</span> <span class='ocrx_word' id='word_1_120' title='bbox 224 3247 335 3304; x_wconf 72' lang='lat' dir='ltr'>Isatculr&#39;z&#39;</span> <span class='ocrx_word' id='word_1_121' title='bbox 347 3247 508 3306; x_wconf 81' lang='lat' dir='ltr'>translatus</span> <span class='ocrx_word' id='word_1_122' title='bbox 526 3254 572 3306; x_wconf 86' lang='lat' dir='ltr'>est</span> <span class='ocrx_word' id='word_1_123' title='bbox 584 3248 670 3323; x_wconf 89' lang='lat' dir='ltr'>libro,</span> <span class='ocrx_word' id='word_1_124' title='bbox 686 3248 734 3306; x_wconf 90' lang='lat' dir='ltr'>nbi</span> <span class='ocrx_word' id='word_1_125' title='bbox 749 3248 926 3307; x_wconf 89' lang='lat' dir='ltr'>inducuntur</span> <span class='ocrx_word' id='word_1_126' title='bbox 940 3247 979 3305; x_wconf 91' lang='lat' dir='ltr'>dii</span> <span class='ocrx_word' id='word_1_127' title='bbox 994 3246 1104 3305; x_wconf 83' lang='lat' dir='ltr'>hebere</span> <span class='ocrx_word' id='word_1_128' title='bbox 1120 3248 1285 3320; x_wconf 82' lang='lat' dir='ltr'>concilium,</span> <span class='ocrx_word' id='word_1_129' title='bbox 1300 3251 1330 3304; x_wconf 91' lang='lat' dir='ltr'>et</span> 
     </span>
    </p>
   </div>
   <div class='ocr_carea' id='block_1_9' title="bbox 119 3339 1331 3700">
    <p class='ocr_par' dir='ltr' id='par_1_9' title="bbox 119 3339 1329 3512">
     <span class='ocr_line' id='line_1_18' title="bbox 119 3339 1329 3417; baseline 0 -19"><span class='ocrx_word' id='word_1_130' title='bbox 119 3358 207 3416; x_wconf 84' lang='lat' dir='ltr'>egere</span> <span class='ocrx_word' id='word_1_131' title='bbox 229 3339 324 3414; x_wconf 89' lang='lat' dir='ltr'>primo</span> <span class='ocrx_word' id='word_1_132' title='bbox 345 3341 382 3399; x_wconf 93' lang='lat' dir='ltr'>de</span> <span class='ocrx_word' id='word_1_133' title='bbox 403 3341 521 3400; x_wconf 86' lang='lat' dir='ltr'>interitu</span> <span class='ocrx_word' id='word_1_134' title='bbox 535 3342 613 3417; x_wconf 85' lang='lat' dir='ltr'>Lupi</span> <span class='ocrx_word' id='word_1_135' title='bbox 634 3341 786 3402; x_wconf 81' lang='lat' dir='ltr'>cuiusdam</span> <span class='ocrx_word' id='word_1_136' title='bbox 801 3343 884 3403; x_wconf 90' lang='lat' dir='ltr'>ducis</span> <span class='ocrx_word' id='word_1_137' title='bbox 908 3346 1017 3412; x_wconf 74' lang='lat' dir='ltr'>(iudicio</span> <span class='ocrx_word' id='word_1_138' title='bbox 1032 3342 1092 3416; x_wconf 82' lang='lat' dir='ltr'>aiii)</span> <span class='ocrx_word' id='word_1_139' title='bbox 1112 3342 1141 3399; x_wconf 92' lang='lat' dir='ltr'>iu</span> <span class='ocrx_word' id='word_1_140' title='bbox 1157 3359 1186 3400; x_wconf 96' lang='lat' dir='ltr'>re</span> <span class='ocrx_word' id='word_1_141' title='bbox 1199 3341 1329 3417; x_wconf 81' lang='lat' dir='ltr'>publico,</span> 
     </span>
     <span class='ocr_line' id='line_1_19' title="bbox 119 3435 582 3512; baseline 0.006 -21"><span class='ocrx_word' id='word_1_142' title='bbox 119 3440 228 3509; x_wconf 85' lang='lat' dir='ltr'>posteo</span> <span class='ocrx_word' id='word_1_143' title='bbox 248 3436 410 3494; x_wconf 81' lang='lat' dir='ltr'>sententias</span> <span class='ocrx_word' id='word_1_144' title='bbox 431 3435 556 3494; x_wconf 84' lang='lat' dir='ltr'>dicere.”</span> <span class='ocrx_word' id='word_1_145' title='bbox 581 3507 582 3512; x_wconf 8' lang='grc' dir='ltr'>η</span> 
     </span>
    </p>

    <p class='ocr_par' dir='ltr' id='par_1_10' title="bbox 119 3525 1331 3700">
     <span class='ocr_line' id='line_1_20' title="bbox 153 3525 1331 3607; baseline -0.002 -19"><span class='ocrx_word' id='word_1_146' title='bbox 153 3525 155 3528; x_wconf 71' lang='grc'><strong>’</strong></span> <span class='ocrx_word' id='word_1_147' title='bbox 194 3531 223 3588; x_wconf 86' lang='grc'>4.</span> <span class='ocrx_word' id='word_1_148' title='bbox 264 3530 413 3588; x_wconf 90' lang='lat' dir='ltr'>Asconius</span> <span class='ocrx_word' id='word_1_149' title='bbox 434 3529 528 3588; x_wconf 84' lang='lat' dir='ltr'>salsus</span> <span class='ocrx_word' id='word_1_150' title='bbox 549 3529 872 3604; x_wconf 82' lang='lat' dir='ltr'>inDivinetionern43‚</span> <span class='ocrx_word' id='word_1_151' title='bbox 892 3533 992 3607; x_wconf 85' lang='lat' dir='ltr'>p.116</span> <span class='ocrx_word' id='word_1_152' title='bbox 1014 3530 1093 3588; x_wconf 79' lang='lat' dir='ltr'>Bait.</span> <span class='ocrx_word' id='word_1_153' title='bbox 1128 3528 1331 3603; x_wconf 78' lang='lat' dir='ltr'>‘&#39;Ioremego</span> 
     </span>
     <span class='ocr_line' id='line_1_21' title="bbox 119 3621 1331 3700; baseline 0 -20"><span class='ocrx_word' id='word_1_154' title='bbox 119 3622 259 3699; x_wconf 89' lang='lat' dir='ltr'>optimum</span> <span class='ocrx_word' id='word_1_155' title='bbox 274 3623 440 3683; x_wconf 83' lang='lat' dir='ltr'>maximum.</span> <span class='ocrx_word' id='word_1_156' title='bbox 465 3625 550 3684; x_wconf 89' lang='lat' dir='ltr'>Haec</span> <span class='ocrx_word' id='word_1_157' title='bbox 567 3625 665 3700; x_wconf 75' lang='lat' dir='ltr'>cupita</span> <span class='ocrx_word' id='word_1_158' title='bbox 681 3625 777 3682; x_wconf 91' lang='lat' dir='ltr'>solent</span> <span class='ocrx_word' id='word_1_159' title='bbox 791 3625 904 3684; x_wconf 83' lang='lat' dir='ltr'>usitata</span> <span class='ocrx_word' id='word_1_160' title='bbox 919 3641 985 3683; x_wconf 86' lang='lat' dir='ltr'>esse</span> <span class='ocrx_word' id='word_1_161' title='bbox 1000 3621 1158 3682; x_wconf 82' lang='lat' dir='ltr'>causidicis</span> <span class='ocrx_word' id='word_1_162' title='bbox 1173 3623 1331 3699; x_wconf 90' lang='lat' dir='ltr'>imperitis;</span> 
     </span>
    </p>
   </div>
   <div class='ocr_carea' id='block_1_10' title="bbox 14 3716 1333 3810">
    <p class='ocr_par' dir='ltr' id='par_1_11' title="bbox 14 3716 1333 3810">
     <span class='ocr_line' id='line_1_22' title="bbox 14 3716 1333 3810; baseline -0.002 -34"><span class='ocrx_word' id='word_1_163' title='bbox 14 3741 15 3810; x_wconf 54' lang='lat' dir='ltr'>p</span> <span class='ocrx_word' id='word_1_164' title='bbox 120 3716 201 3794; x_wconf 89' lang='lat' dir='ltr'>quod</span> <span class='ocrx_word' id='word_1_165' title='bbox 221 3735 314 3794; x_wconf 86' lang='lat' dir='ltr'>genus</span> <span class='ocrx_word' id='word_1_166' title='bbox 335 3719 397 3776; x_wconf 84' lang='lat' dir='ltr'>vitii</span> <span class='ocrx_word' id='word_1_167' title='bbox 417 3718 446 3776; x_wconf 89' lang='lat' dir='ltr'>in</span> <span class='ocrx_word' id='word_1_168' title='bbox 465 3718 625 3794; x_wconf 88' lang='lat' dir='ltr'>primordio</span> <span class='ocrx_word' id='word_1_169' title='bbox 639 3718 669 3776; x_wconf 90' lang='lat' dir='ltr'>in</span> <span class='ocrx_word' id='word_1_170' title='bbox 683 3717 836 3778; x_wconf 85' lang='lat' dir='ltr'>rhetoricis</span> <span class='ocrx_word' id='word_1_171' title='bbox 851 3720 973 3795; x_wconf 79' lang='lat' dir='ltr'>vulgare</span> <span class='ocrx_word' id='word_1_172' title='bbox 990 3717 1128 3776; x_wconf 81' lang='lat' dir='ltr'>nominet.</span> <span class='ocrx_word' id='word_1_173' title='bbox 1150 3718 1333 3794; x_wconf 84' lang='lat' dir='ltr'>incipiebant</span> 
     </span>
    </p>
   </div>
   <div class='ocr_carea' id='block_1_11' title="bbox 121 3810 1332 3984">
    <p class='ocr_par' dir='ltr' id='par_1_12' title="bbox 121 3807 1332 3984">
     <span class='ocr_line' id='line_1_23' title="bbox 122 3810 1331 3888; baseline -0.001 -18"><span class='ocrx_word' id='word_1_174' title='bbox 122 3820 218 3870; x_wconf 83' lang='lat' dir='ltr'>autem</span> <span class='ocrx_word' id='word_1_175' title='bbox 232 3818 347 3872; x_wconf 83' lang='lat' dir='ltr'>veteres</span> <span class='ocrx_word' id='word_1_176' title='bbox 428 3815 481 3872; x_wconf 78' lang='lat' dir='ltr'>aut</span> <span class='ocrx_word' id='word_1_177' title='bbox 499 3813 535 3870; x_wconf 87' lang='lat' dir='ltr'>ub</span> <span class='ocrx_word' id='word_1_178' title='bbox 552 3812 738 3870; x_wconf 74' lang='lat' dir='ltr'>invocatione</span> <span class='ocrx_word' id='word_1_179' title='bbox 754 3813 874 3871; x_wconf 90' lang='lat' dir='ltr'>deorum</span> <span class='ocrx_word' id='word_1_180' title='bbox 964 3820 1015 3874; x_wconf 84' lang='lat' dir='ltr'>aut</span> <span class='ocrx_word' id='word_1_181' title='bbox 1036 3810 1262 3888; x_wconf 84' lang='lat' dir='ltr'>reprehensione</span> <span class='ocrx_word' id='word_1_182' title='bbox 1285 3829 1331 3869; x_wconf 92' lang='lat' dir='ltr'>su·</span> 
     </span>
     <span class='ocr_line' id='line_1_24' title="bbox 121 3905 1332 3984; baseline -0.001 -21"><span class='ocrx_word' id='word_1_183' title='bbox 121 3907 245 3982; x_wconf 90' lang='lat' dir='ltr'>periuris</span> <span class='ocrx_word' id='word_1_184' title='bbox 265 3907 422 3984; x_wconf 88' lang='lat' dir='ltr'>temporis,</span> <span class='ocrx_word' id='word_1_185' title='bbox 448 3913 480 3965; x_wconf 90' lang='lat' dir='ltr'>ut</span> <span class='ocrx_word' id='word_1_186' title='bbox 504 3907 546 3964; x_wconf 85' lang='lat' dir='ltr'>eit</span> <span class='ocrx_word' id='word_1_187' title='bbox 567 3908 700 3966; x_wconf 88' lang='lat' dir='ltr'>Lucilius</span> <span class='ocrx_word' id='word_1_188' title='bbox 721 3905 835 3964; x_wconf 84' lang='lat' dir='ltr'>‘veliem</span> <span class='ocrx_word' id='word_1_189' title='bbox 926 3907 1089 3966; x_wconf 83' lang='lat' dir='ltr'>rurrssur’.</span> <span class='ocrx_word' id='word_1_190' title='bbox 1121 3905 1224 3966; x_wconf 86' lang='lat' dir='ltr'>vitiose</span> <span class='ocrx_word' id='word_1_191' title='bbox 1246 3905 1332 3964; x_wconf 81' lang='lat' dir='ltr'>ambo</span> 
     </span>
    </p>
   </div>
   <div class='ocr_carea' id='block_1_12' title="bbox 14 3999 252 4090">
    <p class='ocr_par' dir='ltr' id='par_1_13' title="bbox 14 3999 252 4090">
     <span class='ocr_line' id='line_1_25' title="bbox 14 3999 252 4090; baseline -0.008 -30"><span class='ocrx_word' id='word_1_192' title='bbox 14 4011 16 4090; x_wconf 38' lang='grc' dir='ltr'>ᾗ</span> <span class='ocrx_word' id='word_1_193' title='bbox 122 3999 252 4076; x_wconf 82' lang='lat' dir='ltr'>capite.’&#39;</span> 
     </span>
    </p>
   </div>
   <div class='ocr_carea' id='block_1_13' title="bbox 121 4093 1334 4172">
    <p class='ocr_par' dir='ltr' id='par_1_14' title="bbox 121 4093 1334 4172">
     <span class='ocr_line' id='line_1_26' title="bbox 121 4093 1334 4172; baseline -0.001 -19"><span class='ocrx_word' id='word_1_194' title='bbox 121 4095 218 4154; x_wconf 88' lang='lat' dir='ltr'>Iulius</span> <span class='ocrx_word' id='word_1_195' title='bbox 243 4095 417 4154; x_wconf 78' lang='lat' dir='ltr'>Rufinianus</span> <span class='ocrx_word' id='word_1_196' title='bbox 447 4095 483 4153; x_wconf 92' lang='lat' dir='ltr'>de</span> <span class='ocrx_word' id='word_1_197' title='bbox 509 4094 611 4170; x_wconf 79' lang='lat' dir='ltr'>figuris</span> <span class='ocrx_word' id='word_1_198' title='bbox 638 4095 907 4164; x_wconf 68' lang='lat' dir='ltr'>sententiarumdl</span> <span class='ocrx_word' id='word_1_199' title='bbox 936 4095 1174 4172; x_wconf 79' lang='lat' dir='ltr'>“Eponalepsis,</span> <span class='ocrx_word' id='word_1_200' title='bbox 1195 4093 1334 4168; x_wconf 81' lang='lat' dir='ltr'>repetitio</span> 
     </span>
    </p>
   </div>
   <div class='ocr_carea' id='block_1_14' title="bbox 15 4188 1334 4266">
    <p class='ocr_par' dir='ltr' id='par_1_15' title="bbox 15 4188 1334 4266">
     <span class='ocr_line' id='line_1_27' title="bbox 15 4188 1334 4266; baseline -0.002 -18"><span class='ocrx_word' id='word_1_201' title='bbox 15 4231 16 4238; x_wconf 20' lang='grc' dir='ltr'><strong>κ</strong></span> <span class='ocrx_word' id='word_1_202' title='bbox 123 4189 288 4248; x_wconf 81' lang='lat' dir='ltr'>sentcntiae</span> <span class='ocrx_word' id='word_1_203' title='bbox 308 4198 432 4266; x_wconf 86' lang='lat' dir='ltr'>propter</span> <span class='ocrx_word' id='word_1_204' title='bbox 451 4189 538 4250; x_wconf 81' lang='lat' dir='ltr'>aliern</span> <span class='ocrx_word' id='word_1_205' title='bbox 560 4190 759 4248; x_wconf 79' lang='lat' dir='ltr'>necessariam</span> <span class='ocrx_word' id='word_1_206' title='bbox 780 4207 909 4263; x_wconf 83' lang='lat' dir='ltr'>causam,</span> <span class='ocrx_word' id='word_1_207' title='bbox 930 4208 990 4248; x_wconf 94' lang='lat' dir='ltr'>uon</span> <span class='ocrx_word' id='word_1_208' title='bbox 1010 4194 1042 4248; x_wconf 90' lang='lat' dir='ltr'>ut</span> <span class='ocrx_word' id='word_1_209' title='bbox 1062 4189 1094 4247; x_wconf 91' lang='lat' dir='ltr'>fit</span> <span class='ocrx_word' id='word_1_210' title='bbox 1115 4189 1142 4246; x_wconf 92' lang='lat' dir='ltr'>iu</span> <span class='ocrx_word' id='word_1_211' title='bbox 1158 4188 1259 4262; x_wconf 81' lang='lat' dir='ltr'>figuris</span> <span class='ocrx_word' id='word_1_212' title='bbox 1274 4188 1334 4246; x_wconf 91' lang='lat' dir='ltr'>elo-</span> 
     </span>
    </p>
   </div>
   <div class='ocr_carea' id='block_1_15' title="bbox 15 4311 677 4542">
    <p class='ocr_par' dir='ltr' id='par_1_16' title="bbox 15 4311 677 4542">
     <span class='ocr_line' id='line_1_28' title="bbox 15 4311 677 4542; baseline 0 -82"><span class='ocrx_word' id='word_1_213' title='bbox 15 4311 19 4542; x_wconf 51' lang='lat'><em>*</em></span> <span class='ocrx_word' id='word_1_214' title='bbox 203 4403 230 4460; x_wconf 79' lang='lat'>4.</span> <span class='ocrx_word' id='word_1_215' title='bbox 265 4406 378 4478; x_wconf 84' lang='lat' dir='ltr'>potieeet</span> <span class='ocrx_word' id='word_1_216' title='bbox 399 4402 497 4461; x_wconf 87' lang='lat' dir='ltr'>Iosias</span> <span class='ocrx_word' id='word_1_217' title='bbox 518 4403 677 4461; x_wconf 86' lang='lat' dir='ltr'>Mercerus.</span> 
     </span>
    </p>
   </div>
   <div class='ocr_carea' id='block_1_16' title="bbox 180 4496 1133 4568">
    <p class='ocr_par' dir='ltr' id='par_1_17' title="bbox 180 4496 1133 4568">
     <span class='ocr_line' id='line_1_29' title="bbox 180 4496 1133 4568; baseline 0.002 -2"><span class='ocrx_word' id='word_1_218' title='bbox 180 4529 205 4568; x_wconf 76' lang='lat' dir='ltr'>C.</span> <span class='ocrx_word' id='word_1_219' title='bbox 225 4529 335 4566; x_wconf 75' lang='lat' dir='ltr'>tuctur</span> <span class='ocrx_word' id='word_1_220' title='bbox 357 4531 544 4568; x_wconf 65' lang='lat' dir='ltr'>strumum.</span> <span class='ocrx_word' id='word_1_221' title='bbox 1116 4496 1133 4560; x_wconf 78' lang='lat' dir='ltr'>l</span> 
     </span>
    </p>
   </div>
   <div class='ocr_carea' id='block_1_17' title="bbox 0 0 1672 5166">
    <p class='ocr_par' dir='ltr' id='par_1_18' title="bbox 0 0 1672 5166">
     <span class='ocr_line' id='line_1_30' title="bbox 0 0 1672 5166; baseline 0 0"><span class='ocrx_word' id='word_1_222' title='bbox 0 0 1672 5166; x_wconf 95' lang='lat' dir='ltr'> </span> 
     </span>
    </p>
   </div>
  </div>
 </body>
</html>
