3300 5166
692 404 856 442 rasnrarro
1356 410 1378 453 v

168 561 223 644 qui
253 579 339 626 nuno
360 561 492 644 legitur,
521 565 649 645 praeter
672 578 804 644 annum,
828 581 923 644 quem
944 562 1000 628 ille
1021 569 1189 647 posuerat,
1218 583 1377 647 nnctcmr,

167 733 250 796 quae
279 713 311 778 in
339 713 541 798 praefatione
567 733 748 779 memorare
775 715 873 781 vellet
896 715 1109 782 adnotaverat
1130 715 1210 781 haec
1239 713 1303 780 ‘ubi
1324 735 1378 780 ne·

166 867 342 932 cessarium
365 865 535 933 videbatur
558 886 670 934 comm.
694 867 727 931 in
748 868 840 934 Lucr.
862 829 1134 934 commemoravi:
1165 874 1231 933 tam
1254 866 1378 934 fervide

166 1023 295 1101 tamque
326 1023 431 1085 certus
461 1019 507 1083 rei
534 1019 680 1103 protinus
706 1021 920 1106 perficiendae
948 1020 1148 1105 aliquamdiu
1174 1020 1236 1085 hoc
1261 1021 1379 1086 edendi

167 1171 338 1236 consilium
369 1171 564 1256 agitaverat,
594 1171 669 1236 dein
696 1172 803 1237 nescio
827 1193 893 1256 qna
915 1193 1013 1240 causa
1035 1175 1203 1257 omissum,
1230 1193 1289 1239 nec
1311 1195 1377 1239 um-

166 1343 263 1408 quam
299 1329 414 1410 postea
448 1323 495 1388 uti
528 1324 656 1390 videtur
688 1334 893 1415 resumptum.
949 1331 1123 1394 Praeterea
1154 1333 1283 1413 praesto
1318 1328 1378 1395 fuit

165 1477 298 1563 Hauptii
328 1471 493 1563 exemplar
515 1477 631 1543 Lucilii
655 1479 876 1567 Gerlachiani,
904 1482 937 1546 in
965 1482 1055 1547 cuius
1083 1484 1282 1567 marginibus
1305 1505 1376 1550 cum
1467 1576 1471 1586 ι

165 1631 232 1697 alia
264 1630 308 1696 ad
339 1630 424 1696 hanc
456 1651 523 1697 rem
552 1632 747 1716 pertinentia
778 1641 845 1701 tum
878 1637 1077 1703 coniecturas
1110 1637 1266 1720 quasdam
1300 1657 1376 1704 suas
1476 1729 1477 1732 Ἴ

164 1783 379 1851 adnotaverat
411 1783 499 1850 velut
531 1804 563 1850 v.
578 1785 641 1850 678
674 1795 732 1850 tete
758 1789 923 1854 abstuleris
956 1796 988 1856 et
1020 1811 1168 1856 versuum
1199 1792 1376 1858 152—159

164 1936 422 2003 distributionem
461 1938 716 2023 scripturamque
755 1955 845 2023 eam,
885 1959 969 2024 quae
1008 1963 1093 2008 nunc
1126 1963 1144 2009 e
1178 1945 1375 2010 Lachmanni

163 2090 292 2170 schedis
313 2090 435 2156 editur:
474 2090 532 2156 sed
558 2091 733 2176 praecipue
762 2112 802 2158 ec
829 2113 907 2160 usus
935 2101 1004 2162 erat
1030 2098 1177 2182 exemplo
1201 2097 1244 2161 ad
1266 2096 1376 2180 explo-

163 2243 298 2309 randum
339 2244 508 2327 ecquinam
542 2246 657 2311 Lucilii
695 2265 808 2312 versus
844 2247 878 2312 in
911 2246 1109 2313 Lachmanni
1146 2248 1275 2315 schedis
1311 2268 1375 2312 non

163 2403 374 2482 apparerent,
402 2399 633 2483 apparentibus
656 2400 688 2464 in
713 2389 877 2465 illo'libro
901 2399 1021 2464 lineola
1043 2400 1176 2484 notatis,
1207 2400 1374 2466 additurus

160 2553 232 2636 ipse
257 2549 385 2634 siquid
408 2569 429 2615 a
452 2549 659 2616 Lachmanno
682 2553 840 2637 reliquum
864 2551 983 2617 iactum
1006 2557 1177 2618 constaret.

248 2705 366 2769 Verum
395 2703 605 2788 apographon
637 2703 719 2769 illud
751 2725 821 2770 cum
854 2725 919 2770 non
952 2725 1009 2791 per
1036 2725 1147 2773 omnes
1176 2706 1375 2772 Lachmanni

165 2857 303 2923 schedas
340 2856 515 2942 pertineret
548 2858 606 2924 sed
643 2860 907 2944 complecteretur
940 2864 1062 2927 tanturn
1093 2880 1205 2927 versus
1239 2859 1375 2941 singulis

161 3010 251 3076 libris
283 3009 462 3095 adscriptos
496 3017 528 3077 et
563 3012 756 3077 incertorum
784 3011 846 3076 hac
872 3011 1081 3098 inscriptione
1111 3012 1198 3078 lacta
1225 3012 1373 3077 ‘1—xxv.

161 3165 236 3226 xxx'
270 3182 383 3230 versus
410 3143 625 3248 aso-1020,
658 3162 720 3230 hoc
751 3166 888 3249 primum
917 3185 1023 3231 meum
1054 3171 1138 3249 erat,
1173 3165 1300 3249 reliqua
1333 3187 1374 3233 ex

161 3316 361 3382 Lachmanni
389 3315 518 3382 schedis
548 3316 703 3383 adiicere:
739 3322 838 3400 atque
860 3317 982 3383 ineerta
1004 3317 1084 3383 haec
1106 3337 1171 3382 non
1192 3326 1294 3385 metro
1316 3321 1374 3387 sed

158 3469 242 3535 libro
266 3469 449 3552 fragmenta
470 3468 622 3534 bifariam
644 3469 788 3554 disposui
808 3470 863 3555 ita,
886 3477 922 3537 ut
936 3490 1049 3536 versus
1065 3469 1242 3556 dactylicos
1258 3474 1372 3540 eodem

160 3621 269 3687 indice
298 3624 516 3690 continuarem
544 3621 608 3688 illis
636 3643 717 3706 qnos
739 3621 913 3709 Hauptium
936 3621 1001 3687 iam
1024 3641 1178 3689 exarasse
1200 3622 1282 3708 dixi,
1311 3629 1373 3689 tro-

160 3773 289 3839 ohaioos
316 3781 425 3841 autem
448 3781 480 3842 et
503 3774 660 3842 iambicos
689 3775 750 3840 hac
775 3773 986 3861 inscriptione
1013 3773 1266 3839 ‘xxvi—xxvnn'
1291 3796 1372 3841 com-

160 3926 337 4010 prehensos
365 3928 447 3995 libro
469 3949 589 3992 xxvnn
611 3927 812 3997 subiicerem.
857 3929 921 3996 Sed
943 3930 1121 3996 hexametri
1142 3929 1191 3994 illi
1213 3947 1285 3994 cum
1307 3949 1372 3994 non

162 4098 274 4146 omnes
300 4080 396 4146 unius
424 4081 554 4164 generis
582 4083 699 4166 partim
721 4081 792 4146 sine
814 4081 888 4147 libri
911 4101 1046 4148 numero
1067 4082 1236 4147 tradantur
1256 4083 1373 4166 partim

159 4231 280 4317 signati
314 4252 446 4299 numero
484 4235 542 4302 sed
575 4235 675 4321 falso,
711 4237 785 4302 item
818 4236 948 4303 iambici
980 4240 1012 4300 et
1038 4234 1192 4301 trochaici
1218 4255 1373 4302 versusa

158 4386 378 4472 grammaticis
408 4392 465 4453 ant
493 4388 584 4455 nulla
609 4390 682 4456 libri
710 4395 788 4458 nota
812 4396 867 4456 aut
887 4408 991 4475 prava
1014 4389 1239 4475 designentur,
1272 4388 1371 4456 Lach-
