3300 5166
311 363 353 430 26
886 364 941 415 VH

420 534 578 600 fautorem
601 532 760 618 ostendat
783 533 853 601 sore
875 531 1013 598 amicum
1035 532 1234 617 polliccatur.

331 731 383 792 21⁰
419 723 502 789 huuc
524 721 654 805 molere,
678 721 767 788 illam
790 726 898 788 autem
920 724 955 787 ut
977 720 1170 786 frumentum
1192 739 1334 788 vennere
1354 722 1481 787 lumbis.

421 908 504 974 hanc
526 909 581 975 ubi
603 911 671 976 vult
693 910 777 975 male
799 908 927 994 habere,
950 907 1060 974 ulcisci
1081 925 1140 991 pro
1164 908 1286 973 scelere
1308 907 1387 993 eius,

420 1017 535 1077 testam
558 1013 654 1078 sumit
675 1012 769 1078 homo
792 1011 934 1078 Samiam
955 1010 1028 1093 sibi,
1051 1006 1226 1093 ‘anoplreld'
1250 1007 1363 1095 inquit,

420 1114 579 1198 praecidit
601 1117 724 1182 caulem
746 1115 900 1200 testisque
922 1134 988 1179 una
1010 1117 1155 1197 amputat
1176 1109 1283 1176 ambo.

421 1300 500 1365 dixi.
545 1300 586 1365 ad
609 1300 800 1387 principium
821 1301 926 1367 venio.
971 1301 1111 1368 vetulam
1134 1304 1231 1384 atque
1253 1299 1394 1366 virosam

334 1408 384 1468 215
421 1421 553 1467 uxorem
576 1402 711 1468 caedam
732 1403 838 1488 potius
860 1422 956 1486 quam
979 1409 1114 1469 castrem
1136 1406 1264 1486 egomet
1284 1420 1344 1467 me.

422 1609 462 1656 nc
485 1591 660 1656 auriculam
684 1589 812 1656 obsidat
833 1591 946 1675 ceder,
969 1611 1010 1658 ne
1033 1590 1200 1657 vermiculi
1222 1590 1286 1674 qui.

422 1782 561 1843 aetatem
584 1783 615 1843 et
637 1778 762 1862 faciem,
786 1784 821 1844 ut
842 1797 925 1862 saga
946 1784 979 1844 et
999 1779 1086 1845 bona
1107 1779 1308 1846 conciliatrix

317 2009 394 2074 sunt,
415 2020 473 2061 nou
487 2003 582 2078 faciei,
605 2004 646 2063 uti
662 2022 737 2063 nnnc
751 2003 868 2078 dicitur,
888 2003 942 2064 sed
963 2004 1039 2064 facie
1060 2003 1206 2064 dixerunt.
1295 2003 1373 2064 idem
1390 2005 1522 2066 Lucilius

314 2095 345 2152 in
369 2095 445 2156 libro
466 2096 606 2172 septimo:
628 2098 687 2175 ‘qui
709 2103 868 2158 ...aetatis
888 2097 987 2175 (cetam
1011 2097 1080 2158 olim
1104 2098 1252 2175 impressi)
1338 2100 1479 2160 ostendat
1497 2118 1523 2158 se

315 2190 354 2262 (se
374 2189 442 2247 olim
464 2188 604 2269 deletum)
626 2194 688 2253 lore
709 2193 985 2270 ...polliccatnr’.’'

393 2285 457 2342 230.
498 2286 614 2346 Nonius
635 2307 664 2364 p.
683 2290 727 2362 19,
742 2291 780 2348 24
801 2286 996 2349 “Evannctnr
1015 2287 1126 2348 dictum
1146 2294 1192 2347 est
1212 2287 1368 2349 ventiletur
1394 2289 1440 2346 vel
1464 2305 1523 2346 mc·

316 2385 419 2438 vestus
439 2377 539 2455 (immo
559 2384 734 2441 ventilabitur
753 2386 797 2442 oet
815 2382 987 2460 movebitur),
1008 2399 1027 2442 a
1048 2399 1144 2440 vunnu
1166 2381 1292 2457 (couno),
1313 2383 1342 2440 in
1363 2399 1423 2459 qua
1442 2382 1523 2457 legu-

316 2473 394 2532 mina
414 2476 600 2536 ventilantur.
635 2476 819 2553 Pomponius
839 2476 1040 2536 Pannuceatis
1062 2475 1142 2536 ‘Dixi
1161 2492 1218 2552 ego
1239 2474 1312 2534 illud
1332 2477 1474 2536 futurum:
1496 2475 1524 2532 in

316 2568 411 2643 prima
437 2570 524 2629 valva
547 2572 800 2647 est(fortasse1o
825 2577 904 2648 opica
924 2573 1012 2649 palea
1032 2581 1084 2642 est,
1110 2577 1224 2630 ametor
1244 2571 1362 2647 puellae
1383 2569 1525 2628 adhaeret

316 2670 350 2721 nt
376 2663 477 2739 spicue
503 2667 618 2742 palea),
645 2667 694 2724 vix
719 2666 804 2726 heret
824 2667 931 2726 misera
951 2666 1031 2742 (lege
1051 2667 1153 2741 miser),
1193 2666 1380 2739 Evannctur,
1406 2670 1436 2722 et
1460 2681 1527 2722 mee

317 2757 399 2816 ocius
421 2756 519 2831 (immo
541 2761 636 2834 otiam)
658 2777 751 2837 opere
771 2764 804 2822 ut
823 2760 876 2818 fiat
894 2759 1012 2819 iecero'.
1046 2760 1180 2820 Lucilius
1201 2764 1291 2818 satur.
1311 2757 1362 2818 lib.
1376 2775 1418 2815 vn
1439 2755 1525 2816 ‘hunc

316 2851 424 2910 molere
446 2870 514 2910 rcus
598 2873 727 2914 vennere
749 2873 814 2912 vum
834 2853 917 2912 vrs'.'’
1367 2859 1371 2868 '

392 2949 458 3004 231.
498 2946 613 3008 Nonius
633 2967 663 3025 p.
678 2951 744 3023 398,
758 2951 793 3006 31
816 2945 967 3006 “Samium
988 2963 1088 3006 rursus
1110 2951 1241 3020 acutum3
1262 2945 1341 3004 unde
1356 2952 1387 3005 et
1400 2944 1525 3005 samiera

318 3038 441 3098 dicimus
464 3059 579 3114 acuere,
601 3042 681 3118 quod
701 3042 731 3100 in
746 3040 836 3102 Samo
857 3041 913 3099 hoc
934 3057 1029 3114 genus
1051 3040 1123 3099 artis
1144 3040 1265 3116 polleat,
1295 3040 1430 3100 Lucilius
1447 3046 1526 3117 saty-

316 3150 412 3193 rarum
427 3135 477 3194 lib.
488 3154 531 3192 vn
547 3135 633 3196 ‘hanc
655 3180 661 3194 .
676 3182 682 3195 .
695 3182 701 3194 .
716 3154 771 3212 pro
788 3154 865 3194 canu
881 3135 943 3194 eius
1008 3133 1129 3194 samium
1141 3153 1184 3192 rm
1199 3153 1239 3195 an
1255 3153 1317 3194 urvo
1333 3153 1416 3192 usco
1430 3134 1527 3211 inquit

317 3229 500 3288 ...ambo’,'’

391 3324 458 3382 234.
499 3321 616 3382 Nonius
636 3341 665 3399 p.
680 3325 727 3397 21,
743 3325 781 3382 30
802 3321 949 3382 “Virosae
970 3322 1108 3382 mulieres
1130 3323 1266 3384 dicontur
1287 3324 1414 3382 virorum
1433 3341 1526 3401 appe·

314 3423 409 3477 tentes
430 3417 477 3476 vel
490 3416 669 3476 luxuriosae.
698 3415 832 3476 Lucilius
848 3419 1013 3493 satyrarum
1032 3417 1082 3478 lib.
1097 3437 1138 3475 vn
1161 3418 1233 3480 'dixi
1253 3463 1299 3477 ...
1316 3420 1412 3476 cedem
1425 3417 1526 3495 potius

315 3512 456 3572 ...me’.’'

390 3609 456 3666 236.
497 3606 613 3666 Nonius
635 3625 663 3683 p.
680 3607 727 3680 21,
741 3606 779 3664 24
800 3604 927 3665 ‘'Oarias
948 3613 996 3666 est
1021 3613 1156 3668 vetustas
1183 3607 1230 3666 vel
1258 3607 1421 3684 putrilago;
1447 3604 1527 3664 unde

315 3701 460 3762 cariosum
481 3699 581 3777 (immo
602 3698 751 3776 cariosum)
773 3705 887 3759 veteres
910 3700 1055 3762 dixerunt.
1085 3702 1218 3762 Lucilius
1234 3707 1399 3778 satyrarum
1419 3700 1469 3760 lib.
1485 3719 1525 3758 vu

315 3795 361 3856 ‘ne
449 3793 678 3856 vermiculious'.
720 3792 871 3870 Turpilius
891 3794 1047 3856 Leucadia
1067 3794 1169 3873 ‘ciperi
1191 3797 1243 3865 (Ee¹
1261 3799 1359 3874 perii),
1380 3793 1469 3854 viden
1494 3801 1527 3854 ut

297 3880 466 3953 ‘osculatur
479 3886 608 3950 cariem?
630 3905 697 3946 num
718 3887 800 3946 illum
821 3887 929 3949 illaec?
950 3888 1059 3966 pudet’.
1091 3889 1234 3950 Afranius
1254 3888 1397 3965 Priuigno
1419 3888 1526 3948 ‘Nemo

313 3985 366 4044 illa
385 3985 458 4045 vivit
478 3984 556 4044 carie
578 3981 722 4042 curiosior
741 3979 882 4058 (fortasse
903 3987 1014 4042 cariosa
1034 3982 1215 4057 comemoryff’

392 4077 458 4138 231.
503 4078 619 4137 Nonius
646 4094 675 4153 p.
690 4078 775 4150 23,2
801 4072 923 4151 “Sagae
950 4076 1087 4137 mulieres
1112 4074 1250 4136 dicuntur
1274 4075 1400 4136 feminae
1426 4078 1524 4151 (immo

314 4172 468 4248 veneficae),
489 4170 527 4230 ad
547 4169 707 4230 lubidinem
728 4168 855 4227 virorum
875 4169 1088 4248 indagatrices.
1128 4168 1206 4230 unde
1234 4177 1265 4230 et
1286 4189 1413 4248 sagaces
1435 4189 1525 4232 cenes

391 4353 457 4410 230.
498 4353 576 4409 illam
595 4350 708 4410 Iunius
825 4351 921 4408 lomois
942 4351 1103 4411 Mercerus.

317 4483 323 4495 .
392 4429 457 4491 231.
491 4447 550 4506 pro
568 4430 667 4490 scelere
687 4432 743 4490 muts
762 4425 876 4488 Iunius.
