3298 5170
623 362 758 414 I-XXV.
783 363 863 414 XXX

186 493 187 498 ἵ
242 551 316 596 cum
330 530 473 597 'manicis
498 532 603 596 catulo
627 533 812 617 collarique,
836 536 870 598 ut
892 529 1072 618 fugitivum,

242 634 423 719 deportent.
1134 633 1140 640 '

203 879 209 886 ·
244 839 398 908 servandi
421 841 564 926 Numeri,
587 861 754 906 numerum
776 848 810 907 ut
831 843 988 909 servemu’
1012 843 1207 927 modumque

150 1051 219 1112 1055
513 1115 515 1118 ,
877 1039 965 1136 ddys'
992 1047 1113 1136 ἔθηκεν

244 1253 418 1341 Hymnidis
441 1272 481 1319 ex
504 1251 588 1319 facie
609 1251 720 1321 florem
744 1254 914 1340 delegeris.

217 1515 301 1574 1052.
341 1510 457 1570 Nonius
477 1529 506 1587 p.
522 1511 570 1584 36,
586 1512 623 1570 25
651 1509 794 1571 “collare
817 1518 864 1572 est
887 1511 997 1572 vinculi
1020 1529 1129 1589 genus,
1157 1527 1215 1588 quo
1244 1509 1352 1570 collum

135 1605 345 1682 adstringitur.
384 1601 519 1666 Lucilius
540 1605 591 1665 lib.
602 1618 679 1659 mx
696 1604 772 1665 ‘cunr
789 1651 795 1666 .
811 1649 818 1666 .
834 1651 840 1666 .
856 1601 1064 1667 concernens
1081 1651 1088 1666 .
1104 1651 1110 1665 .
1127 1651 1134 1666 .
1149 1605 1356 1680 nnrosnsm’.’'

136 1701 172 1762 N
173 1702 259 1761 onius
273 1700 352 1761 hunc
373 1719 490 1761 versum
506 1700 632 1778 apponit
651 1699 727 1759 inter
740 1701 852 1760 medios
866 1718 969 1762 versus
983 1719 1022 1762 ex
1034 1686 1110 1760 libro
1124 1718 1188 1758 xxx
1209 1706 1353 1776 sumptos.

221 1798 305 1856 1054.
348 1794 504 1858 Charisius
526 1814 554 1873 p.
563 1796 599 1854 60
621 1793 755 1854 “Lucius
770 1795 914 1856 Aemilius
928 1841 935 1856 .
948 1841 956 1856 .
968 1842 975 1856 .
988 1794 1134 1874 [Lucilius
1156 1812 1211 1874 per
1230 1813 1318 1853 unum
1333 1791 1354 1873 i]

137 1891 309 1968 genetivum
325 1889 420 1949 'scribi
442 1905 532 1967 posse
551 1888 711 1948 existimat.
742 1890 784 1949 ait
804 1891 881 1950 enim
902 1888 1052 1951 ‘servandi
1072 1890 1183 1949 numeri
1203 1907 1354 1950 numerum

139 1992 176 2046 nt
197 2003 349 2047 servemus
371 1982 592 2061 [modumque].'
623 2002 770 2060 nunquam
791 1986 867 2045 eninr
888 1986 945 2045 hoc
965 1984 1122 2061 intulisset,
1141 1983 1197 2044 nisi
1211 1991 1241 2045 et
1256 2003 1355 2045 nume·

139 2099 204 2140 rum
228 2081 416 2151 (Numerium)
437 2095 492 2155 per
511 2080 521 2136 i
540 2077 626 2138 huius
646 2077 791 2158 [Numeri]
814 2080 982 2140 faciendum
1002 2079 1148 2140 crederet.
1179 2079 1306 2158 denique
1327 2087 1357 2140 et

139 2176 172 2234 in
197 2175 275 2233 libro
295 2194 342 2233 rm
370 2175 467 2249 (immo
490 2173 578 2245 n0n0;
605 2173 671 2234 vide
692 2193 719 2233 v.
734 2174 803 2252 315)
823 2174 944 2252 ...(ita
967 2174 1041 2234 haec
1067 2174 1096 2232 in
1117 2173 1220 2234 codice
1245 2177 1358 2253 scripta

141 2287 210 2332 esse
241 2274 369 2330 testatur
397 2268 436 2327 H.
465 2267 581 2327 Keilius
607 2269 637 2326 in
667 2267 924 2328 observationibus
952 2267 1064 2342 criticis
1089 2258 1130 2325 in¹
1151 2267 1296 2329 Catonem
1328 2278 1359 2330 et

141 2365 310 2424 Varronem
331 2383 361 2440 p.
374 2363 420 2421 96.
440 2363 524 2422 nnois
545 2361 651 2423 inclusi
672 2381 749 2441 quae
762 2363 858 2422 recisa
873 2359 981 2438 sunt).'’
1059 2361 1225 2423 Caesellius
1235 2363 1359 2424 Vindex

141 2479 172 2537 p.
181 2462 258 2519 2318
280 2456 393 2532 “Quod
412 2459 509 2534 ipsum
529 2458 675 2517 Lucillius
697 2457 851 2517 annotavit
871 2473 936 2514 cnm
953 2472 1104 2514 enumero
1118 2455 1277 2517 Numerius
1297 2441 1357 2519 dis·

143 2553 304 2617 cerner·et.''
378 2552 466 2611 Beda
485 2571 513 2630 p.
522 2549 598 2611 2373
619 2551 706 2611 “Nisi
723 2553 798 2612 forte
813 2551 946 2626 regulam
961 2548 1070 2610 Lucilii
1094 2550 1189 2611 secuti
1210 2555 1289 2626 sunt,
1308 2554 1358 2630 qui

141 2653 285 2711 Lucetium
305 2651 337 2706 et
349 2646 516 2723 Aemilium,
538 2653 567 2706 et
588 2652 687 2706 cetera
708 2647 827 2706 nomina
847 2663 923 2724 quae
938 2645 947 2704 i
961 2651 1030 2705 ante
1050 2663 1069 2704 ιι
1089 2643 1210 2720 habent,
1231 2663 1290 2706 non
1312 2665 1358 2708 so-

141 2746 254 2808 lumin
284 2741 421 2802 vocativo
443 2741 496 2799 sed
516 2741 597 2800 etin
617 2743 747 2817 genitivo
769 2759 842 2801 casu
862 2758 916 2817 per
937 2758 1025 2799 unum
1045 2739 1055 2797 i
1078 2739 1167 2798 scribi
1186 2757 1277 2816 posse
1299 2741 1359 2800 exi-

145 2837 304 2900 stimavit.''
384 2836 499 2910 (1-xxv‚
522 2843 552 2895 et
572 2837 615 2896 sio
636 2853 752 2912 semper
771 2853 864 2914 usque
886 2835 925 2896 ad
945 2854 971 2896 v.
988 2832 1084 2910 1075.)

222 2934 308 2992 1055.
349 2929 470 2989 Servius
492 2928 529 2988 ad
551 2930 703 2990 Aeneidos
717 2949 748 3001 x,
764 2931 820 2989 623
843 2929 957 3007 ‘meque
977 2929 1034 2988 hoc
1054 2927 1097 2987 ita
1117 2944 1227 3004 ponere
1248 2926 1358 2988 sentis!

142 3029 299 3102 “Ponere,
320 3026 418 3084 tacere
439 3025 501 3100 vel,
528 3029 560 3082 ut
580 3024 700 3102 quidam
721 3023 833 3098 volunt,
857 3025 1038 3085 constituere
1058 3029 1088 3082 et
1109 3020 1277 3082 decernere.
1306 3066 1359 3082 ...

144 3141 217 3186 sane
240 3139 351 3200 ponere
372 3122 488 3194 facere,
514 3119 591 3179 sicut
611 3117 747 3177 Lucilius
766 3117 928 3177 Homerum
950 3122 1068 3178 secutus
1089 3115 1131 3175 eit
1152 3104 1216 3193 dly'
1239 3111 1358 3191 ἔθηκεν,

143 3219 175 3278 id
196 3225 244 3278 est
265 3217 362 3277 leoit.'’

221 3313 306 3372 1056.
346 3311 484 3370 Donatus
505 3307 542 3366 ad
564 3305 699 3365 Terentii
719 3304 982 3380 Eunuchum'rv·‚4
1002 3323 1031 3381 p.
1050 3305 1105 3363 162
1126 3302 1243 3378 “Quem
1265 3309 1297 3362 tn
1319 3302 1359 3362 vi·

146 3406 216 3465 dere
239 3424 309 3465 vero
331 3405 437 3478 vellen,
458 3401 617 3462 Phaedria.
645 3443 696 3459 ...
715 3396 849 3457 Lucillus
870 3399 901 3457 in
922 3404 1023 3474 satyra
1042 3407 1074 3455 at
1093 3396 1264 3472 (legendum
1288 3403 1360 3473 puto

145 3501 197 3576 ait)
219 3498 376 3575 ‘hymnidis
398 3498 463 3574 (sic,
483 3501 514 3554 tn
533 3504 630 3572 satyra
650 3493 825 3569 otlymnidr's,
845 3490 943 3550 codex
963 3489 1196 3565 Lindenbrogii,
1218 3490 1267 3566 qui
1286 3490 1361 3548 haec

148 3593 250 3665 addit,
274 3591 313 3651 ‘in
333 3591 412 3650 Pith.
427 3591 493 3650 cod.
509 3589 683 3648 adnotatum
704 3587 769 3644 erat
791 3589 820 3642 ιἰι
845 3585 950 3661 Satyro
971 3588 1040 3643 Arci.
1061 3583 1197 3660 dlliqens':
1223 3583 1291 3641 olim
1311 3583 1362 3640 inr-

146 3687 248 3766 pressi
269 3691 299 3744 in
317 3697 388 3762 soty.
402 3675 551 3742 Attianidi
563 3682 649 3756 saca)
669 3697 706 3739 ex
727 3679 803 3738 facie
817 3676 918 3738 florem
939 3677 1022 3757 (olim
1036 3677 1174 3754 impressi
1187 3677 1294 3765 partim
1309 3676 1362 3750 sic,

144 3782 255 3860 partim
277 3800 309 3840 cc
322 3783 349 3856 s.
358 3779 404 3856 sl.)
426 3775 611 3854 delegeris'.”

228 4034 313 4093 1052.
354 4030 506 4106 collurr‘qac
526 4026 638 4086 Iunius.

230 4111 314 4169 1054.
352 4109 516 4182 modumque
537 4105 629 4162 Inuus
650 4103 764 4160 Dousa.
838 4097 924 4158 Haec
944 4104 976 4158 ut
995 4104 1076 4159 recte
1096 4099 1315 4174 intellegantur,
1334 4094 1365 4155 in

147 4188 227 4248 hunc
248 4190 311 4246 fere
333 4184 510 4242 sententiam
536 4177 706 4257 supplenda
731 4183 808 4236 sunt.
844 4175 983 4234 ‘moerente
1002 4179 1143 4238 Secundi
1162 4175 1294 4246 Numeri,
1315 4195 1365 4233 nu-

149 4285 255 4324 merum
275 4272 306 4320 nt
325 4260 453 4318 scrucmu'
473 4262 645 4332 modumque,
668 4253 798 4312 Dicduu':
823 4255 899 4330 qnod
918 4254 1013 4312 stolio
1030 4264 1116 4328 pacto
1131 4274 1227 4311 nornen
1236 4264 1365 4328 poteren-

150 4353 195 4401 tur
212 4345 323 4408 Versus,
345 4341 470 4394 diuissem
491 4335 664 4392 'securandum
685 4341 739 4388 tute
758 4331 906 4388 manento)
991 4331 1103 4390 *Cous¹
1116 4347 1219 4389 comm¹
1232 4333 1261 4388 jn
1275 4331 1290 4388 1
1291 4347 1364 4389 mer·

149 4439 178 4496 p.
195 4421 262 4477 329.

1119 4499 1165 4566 8*

1244 4736 1573 4856 *-
