3300 5166
601 387 605 396 '
708 379 763 432 vn

238 553 347 637 rader,
371 551 545 637 subvellcr,
569 551 773 636 desquamor,
797 551 949 637 pumieur,
974 568 1080 634 ornor,

240 657 394 740 expolior,
417 656 544 741 pingor.

147 868 201 926 240
305 860 355 926 hic
377 866 426 927 est
447 861 594 946 Macedo,
618 861 645 926 si
668 859 801 926 achrion
824 861 945 943 longiu'
969 859 1090 927 flaccet.

239 1049 452 1134 muginamur,
477 1049 635 1135 molimur,
658 1048 872 1116 subducimur.

240 1256 268 1318 si
292 1257 399 1318 movet
421 1271 460 1318 ec
482 1253 577 1319 simet
597 1271 702 1341 nares,
726 1255 863 1324 delfinus
885 1263 919 1323 ut
942 1254 1027 1321 olim.

242 1458 344 1523 callus
359 1458 445 1543 item,
469 1477 508 1524 ac
522 1458 604 1524 bene
618 1459 715 1544 plena
731 1458 805 1548 [iias
822 1460 968 1549 oloruml,
984 1466 1082 1546 atque
1098 1459 1214 1526 anseri’
1233 1458 1342 1523 collus.

245 1662 320 1748 quoi
344 1666 371 1732 si
397 1666 480 1732 oculi
502 1685 567 1730 non
590 1671 663 1731 sunt
684 1684 789 1748 neque
810 1684 924 1730 nasum
947 1669 1005 1748 est,
1029 1639 1139 1747 qualia
1159 1661 1277 1729 sentit?

129 1843 344 1864 μ

133 1942 284 2013 dicuntur,
306 1937 434 1997 ferarum
450 1939 498 1997 vel
511 1941 680 2000 animalium
694 1941 890 2017 quaesitores.
916 1936 1050 1997 Lucilius
1062 1943 1226 2014 satyrarum
1241 1934 1290 1995 lib.
1306 1953 1347 1991 vu

131 2036 271 2096 ‘aetatem
359 2033 560 2094 conciliatrix’.
602 2034 755 2111 Turpilius
784 2032 1002 2093 Boethontibus
1024 2031 1103 2092 ‘Non
1131 2050 1190 2108 ago
1210 2029 1267 2089 hoc
1292 2046 1346 2106 per

132 2147 238 2206 sagam
259 2127 357 2205 pretio
378 2126 565 2200 conductam,
586 2134 619 2186 ut
639 2128 729 2204 vulgo
749 2128 879 2188 solent'.''

211 2224 278 2281 238.
319 2219 435 2280 Nonius
457 2240 485 2298 p.
501 2224 549 2293 95,
568 2223 603 2280 15
624 2220 847 2298 “Desquamat,
874 2221 1004 2298 squamis
1026 2220 1168 2296 expoliat.
1256 2217 1344 2277 Luci·

131 2319 188 2376 lius
211 2320 377 2391 satyrarum
398 2314 449 2373 lib.
463 2335 506 2372 vu
528 2315 640 2372 ‘sanos
660 2317 795 2376 edbellor
877 2334 1006 2373 nxmnon
1027 2303 1171 2392 pingor’.”¹

210 2412 277 2469 240.
317 2407 433 2469 Nonius
454 2425 483 2483 p.
501 2411 565 2482 110,
581 2413 617 2468 10
639 2408 792 2486 “Flaccet,
807 2410 941 2486 languet,
964 2409 1070 2468 deficit.
1092 2408 1226 2467 Lucilius
1241 2406 1291 2466 lib.
1303 2426 1344 2465 vn

131 2508 192 2567 ‘hic
212 2505 291 2564 ...si
306 2520 423 2560 Auaron
437 2502 539 2579 (apros
552 2508 703 2562 correctus
718 2503 891 2578 Leidensis)
908 2551 915 2563 .
929 2552 934 2563 .
948 2550 954 2563 .
966 2502 1106 2564 flaccet'.''
1179 2501 1346 2578 Appuleius

132 2603 212 2679 apol.
235 2618 265 2677 p.
280 2599 337 2658 406
360 2594 528 2673 “Equidem
551 2595 587 2656 Ο.
608 2597 755 2656 Lucullum
775 2598 928 2674 (lauritium
947 2597 1083 2675 Lipsius)
1108 2611 1286 2673 quamquam
1307 2595 1346 2653 sit

131 2697 277 2755 iambicus
305 2698 405 2752 tamen
435 2690 625 2765 improbarim
659 2691 739 2768 quod
764 2692 914 2752 Gentium·
929 2693 1077 2768 (Gentilem
1102 2709 1174 2768 pars
1199 2688 1267 2749 olim
1293 2687 1344 2746 im·

132 2787 315 2868 pressorum)
337 2790 367 2844 et
379 2783 574 2845 Macedonem
594 2802 702 2862 pueros
724 2786 844 2847 directis
866 2787 1032 2848 nominibus
1054 2786 1181 2846 carmine
1203 2800 1256 2842 suo
1276 2799 1343 2859 pro-

134 2881 289 2944 stituerit.''
330 2877 440 2938 Confer
459 2897 491 2951 11,
507 2879 553 2939 61.

210 2978 278 3036 241.
316 2971 434 3032 Nonius
455 2991 483 3050 p.
501 2977 597 3049 139‚5
618 2973 798 3050 “Muginari,
818 2993 997 3036 murmurare
1012 2976 1112 3052 (immo
1125 2974 1251 3048 morare).
1283 2971 1343 3031 Lu·

132 3072 218 3132 cilius
240 3069 292 3128 lib.
309 3085 351 3123 vn
373 3065 567 3144 ‘muginamur
586 3071 711 3130 molimus
731 3069 955 3130 subducimur'.”
1077 3067 1162 3128 Idem
1181 3085 1210 3142 p.
1225 3067 1292 3141 346,
1308 3067 1345 3126 14

133 3163 272 3239 “Moliri,
293 3163 435 3238 retinere,
453 3163 562 3223 morari
588 3181 623 3223 ac
649 3164 812 3240 repigrare.
897 3166 1029 3226 Lucilius
1051 3164 1101 3224 lib.
1115 3181 1156 3218 vu
1176 3159 1344 3218 1006100000

132 3260 267 3321 molimur·
288 3257 514 3318 subducimur’.'’

209 3356 276 3414 242.
322 3351 437 3410 Nonius
463 3370 493 3429 p.
509 3354 579 3427 169,
600 3354 636 3412 31
665 3350 796 3426 “Simat‚
822 3351 968 3431 deprimit.
1014 3353 1147 3413 Lucilius
1173 3353 1224 3412 lib.
1239 3370 1281 3416 vu
1308 3349 1344 3410 ‘si

132 3456 233 3511 movet
255 3463 374 3505 sxruan
396 3491 440 3504 ...
455 3445 558 3504 olim’.''

209 3544 276 3603 243.
315 3538 432 3599 Νοο100
455 3560 482 3617 p.
496 3542 564 3612 200,
580 3543 615 3600 16
635 3539 763 3600 “001100
787 3541 949 3602 masculino
1016 3540 1151 3600 Lucilius
1178 3525 1343 3614 satyrarum

131 3638 181 3697 lib.
201 3656 244 3694 vn
265 3634 468 3692 ‘crnrnrssnua
496 3633 759 3711 (Guelferbytanus
787 3637 798 3692 l
822 3642 1001 3714 compuncta
1024 3643 1055 3696 et
1080 3638 1099 3694 d
1124 3633 1343 3712 superscripta:

131 3734 289 3798 0016000100
306 3727 478 3803 Leidensis)
499 3747 535 3790 ae
556 3729 632 3790 bene
653 3729 744 3807 plena
763 3729 818 3790 1100
839 3731 952 3790 olorum
972 3737 1060 3809 atque
1082 3729 1194 3789 anseris
1214 3724 1344 3788 collns'.''

209 3821 275 3884 244.
316 3823 433 3882 Nonius
455 3841 482 3900 p.
499 3826 567 3896 215,
584 3825 601 3882 3
623 3822 745 3884 “Nasus
760 3824 927 3886 masculini.
956 3825 1059 3900 neutri,
1081 3824 1213 3885 Lucilius
1233 3821 1283 3882 lib.
1300 3836 1341 3877 vn

132 3920 225 3980 'uuus
246 3917 324 3978 oculi
338 3933 491 3978 ...nasum
512 3936 551 3974 nr
572 3917 673 3994 qualia
696 3919 808 3977 susr’.”

209 4135 275 4194 238.
315 4132 426 4201 eaeor,
445 4132 579 4192 subcellor
601 4133 768 4192 Turnebus.

209 4212 275 4270 239.
317 4209 456 4285 Eupolior
475 4207 526 4269 Fr.
547 4211 662 4270 Dousa.

208 4289 274 4347 241.
314 4285 431 4345 Lexica
457 4287 532 4346 male
559 4292 749 4364 praetereunt
774 4286 918 4362 Gellium,
947 4285 997 4362 qui
1022 4284 1343 4358 1001000100,160001

133 4368 201 4426 llaec
220 4385 253 4424 ea
273 4383 343 4442 quac
361 4382 418 4423 000
437 4364 538 4423 diutius
554 4365 759 4441 mupineudum.

210 4443 276 4504 242.
316 4461 350 4502 ac
369 4445 453 4502 01000
471 4439 609 4501 Rothius.
