3300 5166
318 363 359 428 38
911 367 938 416 X

335 539 401 599 333ε
932 535 965 599 in
986 537 1172 620 praeposito
1195 554 1254 620 per

424 637 629 724 pelliciendo,
652 638 714 704 hoc
737 644 785 705 cst
807 639 841 705 in
864 628 1021 722 ducendo,
1046 638 1208 721 geminato
1232 639 1252 703 l.

340 812 405 874 tddf
433 807 500 869 “Ae
522 812 679 888 syllabam,
701 799 784 869 cuius
806 809 967 869 secundam
990 826 1066 867 nunc
1086 825 1102 868 e
1122 807 1251 867 litteram
1279 810 1430 884 ponimus,
1455 811 1541 870 varie

427 905 598 986 peracti
620 905 796 979 efferebant,
823 902 943 982 quidam
964 918 1080 978 semper
1099 907 1132 961 ut
1153 900 1271 970 Graeci,
1294 903 1414 980 quidam
1434 904 1540 980 siugu-

427 1001 529 1063 lariter
549 1005 672 1075 tautum,
693 1016 758 1058 cum
778 997 808 1056 in
829 996 959 1056 dativum
979 995 1027 1055 vel
1046 993 1208 1070 genitivum
1230 1011 1331 1055 casum
1349 995 1540 1072 incidissent,

428 1094 506 1155 unde
539 1095 630 1171 pictai
660 1093 752 1152 restis
783 1099 813 1152 et
842 1090 922 1150 aulai
950 1088 1096 1164 Virgilius
1127 1090 1344 1151 amantissimus
1375 1093 1539 1152 vetustatis
1635 1117 1636 1122 ¹

429 1188 607 1249 carminibus
634 1185 766 1246 inseruit.
812 1185 841 1243 in
867 1182 970 1244 iisdem
997 1184 1104 1260 plurali
1128 1201 1249 1244 numero
1269 1203 1285 1244 e
1305 1186 1480 1262 utebantur,
1508 1186 1541 1244 hi

424 1280 524 1360 Syllae
540 1281 666 1342 Galbaa
687 1287 734 1340 est
746 1280 775 1338 in
789 1278 845 1340 hac
866 1295 984 1355 quoque
1004 1283 1089 1354 parte
1103 1277 1213 1337 Lucilii
1231 1285 1434 1356 praeceptum,
1455 1280 1539 1357 quod

424 1377 495 1455 quia
519 1374 653 1452 pluribus
681 1373 846 1450 explicatur
867 1372 1017 1440 versibus,
1045 1371 1069 1430 si
1097 1373 1162 1448 quir
1189 1390 1291 1450 parum
1318 1373 1434 1448 credet,
1455 1372 1539 1450 apud

427 1472 526 1547 ipsum
546 1469 576 1527 in
596 1485 674 1527 nono
693 1468 852 1545 requirat.”
886 1466 1085 1542 Quintilianus
1107 1465 1198 1526 instit.
1212 1487 1232 1542 r,
1247 1465 1274 1542 i,
1292 1469 1335 1526 19.
1434 1464 1537 1526 “Scri-

427 1566 522 1625 bimus
537 1581 591 1624 nos
606 1565 682 1624 enim
697 1580 845 1623 musarum
858 1562 981 1639 primam
997 1561 1143 1638 syllabam
1157 1560 1274 1620 duabus
1288 1561 1406 1636 litteris,
1426 1559 1537 1622 Graeci
1635 1615 1636 1646 ,

424 1659 528 1719 tribus.
575 1657 707 1717 Lucilius
735 1658 764 1716 in
792 1656 893 1716 dativo
920 1673 992 1715 casu
1018 1673 1036 1713 a
1063 1659 1093 1712 ct
1118 1671 1134 1714 e
1161 1655 1314 1730 coniungit
1340 1655 1442 1714 diceus
1468 1654 1538 1714 hnic
1635 1653 1636 1664 ²

427 1751 585 1811 Terentiae
607 1751 739 1812 Orbiliae
762 1751 906 1811 Lucinius
928 1767 946 1807 a
966 1749 1059 1808 etiet
1078 1747 1236 1808 Lucretius
1258 1749 1361 1808 crebro
1383 1753 1413 1806 et
1433 1755 1537 1807 noster
1635 1741 1636 1744 ’

426 1848 510 1906 Maro
533 1846 615 1904 aurai
633 1845 752 1922 pictai.''
790 1843 956 1903 Martianus
979 1842 1106 1919 Capella
1126 1861 1169 1920 111,
1183 1845 1249 1902 266.
1352 1876 1355 1886 ·

910 2103 954 2188 X

346 2311 394 2370 331
433 2305 611 2387 langorque
633 2301 785 2386 obrepsit,
809 2301 922 2385 pigror
944 2306 1117 2386 torporque
1140 2303 1277 2386 quietus.

432 2475 580 2540 fluctibus
602 2493 623 2538 a
644 2472 814 2556 ventisque
836 2471 943 2546 aversi
966 2469 1097 2536 firmiter
1119 2471 1229 2539 issent.

402 2665 493 2722 330e.
534 2661 619 2720 Idem
638 2677 667 2736 p.
682 2657 757 2718 2223
780 2660 861 2719 “Per
883 2678 951 2720 vero
965 2660 1148 2736 praepositio
1163 2661 1299 2720 omuibus
1319 2659 1436 2732 integra
1449 2674 1534 2733 prae·

324 2758 457 2834 ponitur,
478 2755 534 2815 nisi
554 2771 620 2813 cum
641 2753 744 2811 incidit
763 2753 793 2810 in
814 2755 825 2812 l
844 2754 959 2816 literam
981 2753 1114 2813 adfinem
1127 2760 1348 2827 consonantem,
1370 2769 1457 2828 quam
1477 2753 1534 2809 ele·
1635 2749 1636 2770 ¹

325 2850 471 2926 gantioris
494 2847 711 2908 sermou1sriri
734 2847 882 2923 geminare
912 2849 1007 2923 magis
1028 2849 1183 2906 voluerunt
1206 2866 1293 2926 quam
1314 2865 1329 2906 r
1349 2847 1464 2906 literam
1485 2862 1535 2903 ex·
1635 2875 1636 2904 t

324 2945 453 3021 primore
469 2960 580 3003 ...nec
595 2942 680 3000 aliter
696 2941 775 3019 apud
789 2941 935 3001 Lucilium
949 2942 1058 3018 legitur
1077 2941 1115 2999 ‘in
1128 2959 1374 3000 rasarosrmomn
1387 2957 1445 2996 rna
1459 2958 1477 2996 n
1490 2957 1533 2995 rr-

327 3055 453 3112 crnnn0,
466 3055 552 3096 cnon
564 3043 611 3096 est
620 3037 782 3107 inducendo,
795 3053 932 3093 csmrnar
943 3035 971 3093 l.’
995 3034 1133 3112 pellicere
1147 3035 1259 3094 malunt
1268 3053 1355 3113 quam
1366 3034 1535 3112 perlicere.”

323 3135 325 3142 “
405 3151 434 3191 x.
476 3130 550 3190 Vita
569 3131 666 3190 Persii
685 3148 715 3206 p.
730 3132 787 3190 233
808 3131 854 3191 ed.
876 3129 974 3190 Iahnii
994 3127 1076 3189 “Sed
1090 3147 1158 3187 mox
1173 3135 1205 3188 nt
1220 3147 1239 3190 a
1253 3127 1356 3188 schola
1371 3129 1532 3204 magistris·

327 3243 385 3303 qne
409 3225 541 3300 divertit,
562 3215 646 3308 lecto
666 3225 742 3282 libro
762 3223 870 3283 Lucilii
889 3222 1004 3282 decimo
1024 3222 1212 3283 vehementer
1231 3223 1338 3283 satiras
1359 3241 1533 3300 componere

324 3319 465 3377 instituit.
506 3319 587 3377 cuius
612 3317 680 3377 libri
705 3318 819 3378 initium
844 3318 973 3378 imitatus
1001 3324 1061 3393 est,
1089 3318 1144 3377 sibi
1169 3317 1279 3393 primo,
1305 3334 1374 3376 mox
1402 3317 1533 3376 omnibus

326 3413 517 3473 detracturus
533 3430 597 3471 cum
611 3418 694 3472 tauta
706 3412 866 3472 recentium
888 3419 1041 3490 poetarum
1062 3417 1092 3470 ct
1111 3416 1259 3471 oratorum
1278 3410 1484 3486 insectatione,
1504 3417 1536 3470 ut

325 3505 413 3566 etiam
435 3505 594 3580 Neronem,
615 3507 778 3586 principem
798 3507 877 3565 illius
898 3508 1048 3583 temporis,
1070 3505 1258 3584 culpaverit.'·'

402 3601 467 3658 331.
509 3599 627 3659 Nouius
646 3619 676 3677 p.
691 3603 758 3676 219,
774 3604 810 3661 10
831 3601 961 3677 “Pigror
980 3601 1098 3676 generis
1119 3598 1293 3660 masculini.
1333 3599 1467 3658 Lucilius
1488 3616 1531 3660 sa·

324 3699 453 3768 lyrarum
472 3691 522 3751 lib.
536 3709 557 3749 x
576 3693 691 3769 ‘langor
706 3712 922 3755 onnassrruur
987 3695 1103 3771 quietus
1118 3694 1160 3772 (in
1174 3693 1410 3770 Guelferbytano
1425 3694 1532 3754 factum

324 3785 457 3846 radendo
478 3789 583 3862 potetis,
604 3787 704 3865 itaque
726 3787 931 3866 Leideusis)’.”

404 3881 469 3939 332.
510 3879 626 3940 Nonius
648 3899 676 3958 p.
694 3883 810 3956 31218
831 3880 989 3940 “Firmiter
1007 3900 1061 3958 pro
1082 3883 1182 3942 firme.
1212 3883 1345 3942 Lucilius
1368 3884 1531 3959 satyrarum

283 4046 284 4049 Ἴ
323 3973 374 4032 lib.
391 3993 412 4030 x
434 3972 582 4034 ‘fluctibus
611 3993 629 4032 a
654 3976 809 4051 ventisque
837 3975 1017 4052 (recentisque
1037 3974 1214 4034 Leidensis:
1248 3977 1277 4035 in
1302 3976 1532 4053 Guelferbytano

324 4084 442 4144 quoque
463 4085 496 4125 en
517 4071 678 4146 superscr.)
699 4087 824 4127 nrnnsrs
845 4069 967 4129 firmiter
986 4069 1134 4128 assnsr'.''

372 4305 376 4312 .
402 4250 486 4307 330⁹.
529 4247 616 4310 Conf.
637 4266 739 4309 comm.
760 4249 790 4306 in
809 4248 899 4308 Lacr.
920 4267 949 4324 p.
962 4249 1029 4307 409.

401 4327 467 4382 331.
508 4325 599 4387 Ianus
617 4329 722 4388 Dousa
737 4326 874 4404 Lcopaor
893 4330 917 4383 ci
938 4327 1106 4401 obrepsitpae
1119 4330 1228 4403 pipror.

399 4402 464 4481 332.
505 4405 536 4461 Α
556 4405 693 4466 fluctibus
715 4402 871 4490 ventisque
893 4403 989 4465 aversi
1009 4402 1154 4462 vitassent
1173 4421 1321 4464 nauseam.
