3300 5166
674 318 836 354 00000000
1315 322 1361 364 vn

149 475 281 541 iubentis
304 473 483 541 desiderari
507 474 658 541 videbam
681 447 823 540 aGellio
846 475 986 538 maxime
1007 473 1235 557 Macrobioque
1258 477 1360 542 relata

146 629 344 713 fragmenta:
382 647 442 693 neo
469 633 577 693 10000
605 634 640 692 01
662 627 770 692 00010
792 627 983 692 asciscerem
1006 646 1090 710 quae
1112 634 1269 712 poteram,
1301 628 1359 693 sed

145 790 180 849 ut
196 784 411 869 relinquerem
426 781 566 866 primum
581 801 630 864 ea,
653 799 736 862 quae
756 801 797 845 00
813 783 956 865 potuisse
972 783 1103 865 quidem
1119 781 1359 848 Laohmannum

144 939 252 1023 ipsum
286 942 341 1001 aut
361 935 538 1020 Hauptium
573 933 628 998 illo
663 953 747 997 anno
776 934 872 1000 edere
899 934 1145 1018 intellegebam,
1182 935 1256 1002 dein
1284 937 1360 1001 olim

145 1093 294 1175 vulgata,
324 1111 408 1175 quae
431 1088 486 1154 a'ut
507 1107 679 1173 perperam
708 1093 815 1152 essent
837 1088 879 1152 ad
902 1088 1060 1153 Luoilium
1082 1089 1186 1154 relata
1208 1097 1263 1157 aut
1285 1092 1359 1157 11100

150 1245 238 1311 viros
262 1244 345 1309 inter
371 1243 464 1308 huius
491 1247 607 1350 poetae
630 1240 783 1322 reliquias
807 1240 950 1306 edituros
973 1241 1073 1308 fuisse
1096 1250 1183 1309 certa
1204 1244 1360 1310 dubitatio

147 1403 242 1465 00001.
289 1397 415 1481 Quippe
437 1415 502 1459 000
525 1395 585 1458 100
607 1415 690 1459 0000
713 1393 874 1476 agendum
898 1402 974 1480 erat,
997 1402 1032 1460 ut
1055 1416 1151 1479 quam
1172 1398 1359 1482 plenissima

144 1553 226 1618 haee
247 1549 488 1615 Lucilianorum
511 1548 656 1624 oolleotio
680 1555 816 1633 extaret,
845 1550 903 1615 sed
926 1556 960 1614 01
982 1557 1135 1633 quantum
1157 1550 1227 1616 fieri
1248 1555 1359 1634 posset

143 1704 220 1770 10110
244 1683 345 1768 exiret
367 1700 496 1785 qualem
519 1707 574 1765 001
589 1699 816 1767 1001000000
839 1710 895 1768 001
911 1702 1055 1786 proxime
1070 1709 1145 1787 post
1160 1702 1358 1768 Lachmanni

145 1857 270 1924 obitum
292 1853 452 1938 Hauptius
482 1851 626 1917 editurus
654 1851 754 1919 fuisse
780 1855 952 1921 videretur.
1000 1855 1089 1933 Quae
1117 1857 1176 1923 etsi
1204 1863 1252 1922 est
1281 1876 1359 1922 0000

144 2030 271 2092 manea,
295 2014 403 2073 tamen
426 2011 548 2070 100100
572 2012 696 2090 partem
716 2007 756 2071 ab
773 2007 843 2092 ipso
861 2028 932 2074 esse
946 2008 1154 2073 Laohmanno
1170 2010 1360 2076 adornatam

144 2166 295 2248 apparet,
328 2166 362 2224 01
385 2179 450 2224 000
472 2159 647 2223 verendum
670 2153 725 2244 sit,
755 2181 795 2226 00
823 2160 883 2226 bae
906 2161 1130 2232 administrata
1151 2163 1292 2229 editione
1314 2165 1359 2228 in-

143 2315 254 2379 utilem
277 2334 344 2379 rem
367 2311 508 2394 gessisse
536 2314 717 2378 videamur:
756 2333 867 2378 verum
892 2313 939 2378 ita
961 2318 1130 2399 sentimus,
1165 2316 1274 2399 magni
1297 2317 1358 2381 viri

143 2486 275 2552 operam
305 2466 402 2530 etiam
430 2486 495 2531 000
523 2464 566 2530 ad
590 2467 774 2530 umbilieum
801 2466 973 2532 adduetam
1002 2476 1033 2534 et
1056 2469 1111 2533 diu
1132 2489 1277 2553 pressam
1300 2490 1359 2534 neo

142 2639 201 2685 000
238 2625 381 2702 tempore
416 2618 534 2684 editam
568 2638 634 2682 non
661 2617 862 2683 obsolescere
890 2620 948 2684 sed
977 2621 1032 2686 ubi
1059 2622 1195 2706 primum
1222 2623 1359 2707 prodeat

141 2771 247 2837 lucem
270 2789 425 2855 spargere
448 2773 685 2857 inexpectatam
709 2776 740 2834 et
762 2771 831 2850 veri
854 2775 1079 2856 appetentibus
1101 2780 1236 2857 gratam.

229 2923 329 2988 Sorib.
353 2923 496 2988 Berolini
518 2944 560 2987 m.
584 2922 761 3007 Septembri
785 2943 814 2987 0.
837 2945 1038 2990 mnoocnxxV.
