3298 5170
302 351 343 417 74
850 355 957 404 xxvu

408 541 479 585 eum
501 521 600 586 sciam
623 522 670 585 nil
692 542 764 587 esse
785 523 819 586 iu
842 523 909 587 vita
929 524 1094 608 proprium
1118 525 1247 589 mortali
1273 525 1392 608 datum,

319 631 369 690 665
406 626 480 707 iam,
504 642 569 705 qua
590 628 779 708 tempestate
802 625 886 709 vivo,
910 626 1036 690 chresin
1059 624 1101 690 ad
1124 646 1175 690 me
1197 626 1329 709 recipio.

407 846 465 891 uec
488 827 515 890 si
538 829 634 911 paulo
658 830 763 894 minus
785 835 912 896 usurast
934 848 1054 912 magna
1077 828 1242 896 adiutatus
1266 828 1332 913 diu,

406 1050 511 1096 rerum
534 1032 770 1116 exploratorem
792 1033 926 1120 mittam,
948 1034 1100 1100 miserum
1123 1033 1306 1098 mendicum
1328 1036 1447 1117 petam.

408 1234 525 1300 fuimus
548 1236 702 1320 pernices,
726 1245 890 1304 aeternum
912 1239 947 1304 id
968 1239 1061 1305 vobis
1084 1242 1251 1323 sperantes
1275 1235 1352 1301 fore.

406 1427 519 1508 parcat
539 1422 601 1488 illis
623 1423 719 1506 magi'
743 1423 799 1506 qui
821 1431 894 1508 post
915 1425 989 1510 sint,
1014 1425 1065 1490 eui
1087 1423 1182 1490 fidem
1205 1443 1276 1489 esse
1300 1403 1496 1488 existimem

318 1634 367 1693 676
404 1626 566 1713 proferam
589 1645 651 1709 ego
674 1629 748 1712 iam,
772 1633 879 1694 vester
899 1629 978 1695 ordo
994 1631 1119 1695 scelera
1134 1647 1218 1714 quae
1234 1628 1267 1692 iu
1282 1646 1318 1693 se
1334 1625 1509 1692 admiserit.

354 1813 363 1826 ⁶
406 1829 434 1894 si
456 1848 534 1913 non,
558 1833 664 1894 tamen
687 1829 730 1894 ad
752 1835 784 1896 te
805 1830 866 1897 hoc
887 1831 1019 1917 redibit,
1043 1837 1078 1898 tu
1098 1833 1160 1898 hoo
1182 1833 1307 1899 carebis
1331 1831 1510 1898 commodo.

407 2052 505 2118 quam
527 2051 592 2097 uon
615 2034 718 2100 solum
741 2035 898 2102 devorare
920 2056 956 2102 se
978 2036 1088 2102 omnia
1110 2055 1150 2102 ac
1171 2035 1351 2120 deverrere,

377 2308 443 2367 664.
483 2307 600 2374 Nouius
622 2326 651 2386 p.
666 2311 731 2384 362,
749 2309 785 2367 14
806 2308 987 2386 “Proprium
1013 2325 1127 2368 rursum
1154 2308 1303 2384 siguificat
1326 2312 1510 2384 perpetuum.

302 2447 345 2463 ...
362 2402 493 2460 Lucilius
514 2402 565 2461 lib.
580 2421 666 2460 xxvu
692 2403 767 2462 ‘cum
788 2404 881 2462 seiam
901 2405 970 2461 nihil
983 2449 989 2462 .
1002 2449 1009 2462 .
1021 2449 1028 2462 .
1041 2404 1143 2462 datum
1164 2403 1257 2461 usr'.'’

301 2497 385 2556 Idem
399 2515 428 2573 p.
437 2494 504 2570 407,
516 2499 553 2554 30
569 2495 776 2572 “Tempestas,
791 2505 919 2573 tempus.
941 2542 987 2557 ...
1001 2496 1136 2556 Lucilius
1150 2497 1296 2556 lib.xxv11
1311 2493 1378 2553 ‘iam
1391 2511 1511 2554 ...cua-

303 2611 342 2649 Tu
364 2609 430 2648 srrur
454 2590 493 2650 ad
514 2607 559 2648 me
579 2592 726 2668 recipio'.”

379 2688 443 2744 666.
482 2685 600 2744 Nonius
622 2705 652 2762 p.
665 2683 733 2758 477,
747 2685 784 2742 29
806 2682 989 2743 “Adiutatur
1013 2701 1069 2759 pro
1091 2683 1215 2744 adiutat.
1307 2682 1440 2742 Lucilius
1459 2682 1511 2740 lib.

307 2796 392 2836 xxvu
413 2778 476 2837 ‘nec
492 2824 499 2838 .
512 2824 519 2837 .
531 2823 537 2836 .
549 2797 654 2838 usuras
674 2798 713 2836 mr
727 2824 734 2838 .
746 2824 752 2837 .
765 2823 771 2838 .
784 2778 869 2835 diu'.''

212 2947 213 2951 Ἰ
378 2870 442 2929 667.
483 2872 599 2931 Nonius
621 2892 649 2949 p.
661 2875 727 2946 366,
738 2873 775 2929 30
797 2869 938 2944 “Petere,
960 2870 1053 2948 sequi.
1137 2871 1271 2929 Lucilius
1293 2871 1511 2930 lib.xxv11‘re·

300 2981 363 3021 rum
383 2983 621 3024 empiricorum
643 2967 847 3042 (aeplicotorem
868 2964 1039 3039 Leidensis,
1059 2965 1238 3042 eapilomrem
1259 2964 1458 3042 Geneveusis)

302 3058 436 3132 petam'.''

378 3153 443 3210 668.
482 3151 598 3211 Nonius
619 3170 648 3229 p.
663 3153 729 3229 368,
753 3155 788 3210 16
810 3151 942 3211 “Peruix
963 3151 1114 3227 siguificat
1133 3153 1220 3211 celer.
1304 3152 1439 3211 Lucilius
1459 3153 1510 3212 lib.

299 3261 384 3300 mrvu
406 3243 522 3304 ‘suimus
538 3291 564 3305 ..
577 3289 583 3302 .
595 3246 693 3306 fore'.”

378 3340 442 3397 669.
482 3338 599 3397 Nonius
620 3359 649 3416 p.
665 3337 731 3415 370,
744 3341 782 3398 28
804 3339 971 3416 “Parcere',
992 3357 1120 3400 seruarc.
1142 3338 1339 3399 Lucilius
1361 3342 1412 3400 lib.
1424 3359 1511 3399 xxvu

300 3432 417 3509 ‘parcat
436 3451 501 3490 rau
521 3452 613 3490 umus
635 3452 685 3492 cm
705 3433 1085 3493 rossrur...ux1muur'.''

378 3526 443 3585 6.70
484 3526 643 3605 Nouiusp
652 3525 718 3604 374,
729 3527 788 3586 22“
793 3526 948 3601 ‘,Proferre
969 3528 1070 3604 palam
1084 3529 1192 3588 facere
1217 3526 1351 3586 Lucilius
1366 3527 1416 3586 lib
1424 3546 1511 3586 xxvu

302 3621 475 3678 ‘amorreus
496 3639 623 3682 ιιιιιο..
637 3621 843 3682 .edmiseritss'

378 3713 445 3777 671
485 3715 600 3774 Nonius
621 3736 649 3793 p
664 3719 729 3790 384,
749 3717 787 3774 25
810 3714 955 3789 “Redire‚
981 3715 1098 3792 referri,
1125 3717 1274 3776 revocari.
1305 3714 1439 3774 Lucilius
1458 3714 1510 3774 lib.

301 3827 387 3866 xxvn
408 3806 486 3869 ‘si.
499 3809 654 3868 .rediot't..
667 3809 875 3869 .’.''commodo

378 3898 443 3961 762.
483 3902 598 3962 Nouius
625 3920 655 3978 p.
670 3901 800 3976 420‚‘5
804 3901 957 3976 ‘,Verrerc
977 3902 1079 3977 ferire,
1101 3906 1334 4023 pervertere..
1350 3901 1509 3962 .Lucilius

300 3998 351 4057 lib.
367 4014 452 4053 xxvu
473 3995 612 4073 quam..
624 3995 833 4055 .'.'deverrere

379 4245 511 4302 6644
513 4240 642 4299 tomisit
661 4242 773 4300 Dousa.

378 4318 443 4378 667.
485 4321 611 4396 erprtloro
600 4329 686 4378 torem
705 4318 868 4378 Mereerus.

379 4398 444 4456 669.
466 4339 587 4457 *Comi
603 4413 706 4458 comm.
719 4397 750 4456 in
771 4397 861 4455 Lucr
875 4412 905 4474 p
919 4389 984 4454 276
