<?xml version="1.0" encoding="UTF-8"?>
<!DOCTYPE html PUBLIC "-//W3C//DTD XHTML 1.0 Transitional//EN"
    "http://www.w3.org/TR/xhtml1/DTD/xhtml1-transitional.dtd">
<html xmlns="http://www.w3.org/1999/xhtml" xml:lang="en" lang="en">
 <head>
  <title>
</title>
<meta http-equiv="Content-Type" content="text/html;charset=utf-8" />
  <meta name='ocr-system' content='tesseract 3.04.00' />
  <meta name='ocr-capabilities' content='ocr_page ocr_carea ocr_par ocr_line ocrx_word'/>
</head>
<body>
  <div class='ocr_page' id='page_1' title='image "./saturarum00lucigoog_0080.png"; bbox 0 0 3300 5166; ppageno 0'>
   <div class='ocr_carea' id='block_1_1' title="bbox 1300 339 1339 404">
    <p class='ocr_par' dir='ltr' id='par_1_1' title="bbox 1300 339 1339 404">
     <span class='ocr_line' id='line_1_1' title="bbox 1300 339 1339 404; baseline -0.051 0"><span class='ocrx_word' id='word_1_1' title='bbox 1300 339 1339 404; x_wconf 87' lang='grc'><strong>61</strong></span> 
     </span>
    </p>
   </div>
   <div class='ocr_carea' id='block_1_2' title="bbox 238 511 1298 600">
    <p class='ocr_par' dir='ltr' id='par_1_2' title="bbox 238 511 1298 600">
     <span class='ocr_line' id='line_1_2' title="bbox 238 511 1298 600; baseline -0.001 -17"><span class='ocrx_word' id='word_1_2' title='bbox 238 515 279 584; x_wconf 86' lang='lat' dir='ltr'><strong>ab</strong></span> <span class='ocrx_word' id='word_1_3' title='bbox 303 535 342 582; x_wconf 93' lang='lat' dir='ltr'><strong>eo</strong></span> <span class='ocrx_word' id='word_1_4' title='bbox 365 518 464 584; x_wconf 89' lang='lat' dir='ltr'><strong>risum</strong></span> <span class='ocrx_word' id='word_1_5' title='bbox 486 533 637 599; x_wconf 84' lang='lat' dir='ltr'><strong>maguum</strong></span> <span class='ocrx_word' id='word_1_6' title='bbox 661 515 739 598; x_wconf 82' lang='lat' dir='ltr'><strong>agit,</strong></span> <span class='ocrx_word' id='word_1_7' title='bbox 764 513 950 582; x_wconf 75' lang='lat' dir='ltr'><strong>cachinnum</strong></span> <span class='ocrx_word' id='word_1_8' title='bbox 975 511 1150 600; x_wconf 82' lang='lat' dir='ltr'>inprudens</span> <span class='ocrx_word' id='word_1_9' title='bbox 1174 515 1298 583; x_wconf 75' lang='lat' dir='ltr'><strong>subicit.</strong></span> 
     </span>
    </p>
   </div>
   <div class='ocr_carea' id='block_1_3' title="bbox 239 700 1223 891">
    <p class='ocr_par' dir='ltr' id='par_1_3' title="bbox 239 700 1223 891">
     <span class='ocr_line' id='line_1_3' title="bbox 488 700 1223 789; baseline 0 -23"><span class='ocrx_word' id='word_1_10' title='bbox 488 707 525 767; x_wconf 92' lang='lat' dir='ltr'><strong>ut</strong></span> <span class='ocrx_word' id='word_1_11' title='bbox 546 701 573 767; x_wconf 90' lang='lat' dir='ltr'><strong>si</strong></span> <span class='ocrx_word' id='word_1_12' title='bbox 596 702 734 768; x_wconf 83' lang='lat' dir='ltr'><strong>eluviem</strong></span> <span class='ocrx_word' id='word_1_13' title='bbox 757 703 864 770; x_wconf 88' lang='lat' dir='ltr'><strong>facere</strong></span> <span class='ocrx_word' id='word_1_14' title='bbox 887 723 945 789; x_wconf 93' lang='lat' dir='ltr'><strong>per</strong></span> <span class='ocrx_word' id='word_1_15' title='bbox 966 704 1110 768; x_wconf 88' lang='lat' dir='ltr'><strong>ventrem</strong></span> <span class='ocrx_word' id='word_1_16' title='bbox 1132 700 1223 786; x_wconf 85' lang='lat' dir='ltr'><strong>velis,</strong></span> 
     </span>
     <span class='ocr_line' id='line_1_4' title="bbox 239 804 1109 891; baseline -0.006 -18"><span class='ocrx_word' id='word_1_17' title='bbox 239 826 317 873; x_wconf 88' lang='lat' dir='ltr'><strong>cura</strong></span> <span class='ocrx_word' id='word_1_18' title='bbox 337 825 378 871; x_wconf 89' lang='lat' dir='ltr'><strong>ne</strong></span> <span class='ocrx_word' id='word_1_19' title='bbox 402 805 549 872; x_wconf 90' lang='lat' dir='ltr'><strong>omuibus</strong></span> <span class='ocrx_word' id='word_1_20' title='bbox 572 804 710 871; x_wconf 89' lang='lat' dir='ltr'><strong>distento</strong></span> <span class='ocrx_word' id='word_1_21' title='bbox 734 824 869 891; x_wconf 89' lang='lat' dir='ltr'><strong>corpere</strong></span> <span class='ocrx_word' id='word_1_22' title='bbox 892 805 1017 889; x_wconf 82' lang='lat' dir='ltr'><strong>expiret</strong></span> <span class='ocrx_word' id='word_1_23' title='bbox 1038 805 1109 870; x_wconf 88' lang='lat' dir='ltr'><strong>viis.</strong></span> 
     </span>
    </p>
   </div>
   <div class='ocr_carea' id='block_1_4' title="bbox 148 992 1342 1077">
    <p class='ocr_par' dir='ltr' id='par_1_4' title="bbox 148 992 1342 1077">
     <span class='ocr_line' id='line_1_5' title="bbox 148 992 1342 1077; baseline -0.003 -14"><span class='ocrx_word' id='word_1_24' title='bbox 148 1004 201 1064; x_wconf 82' lang='grc'><strong>545</strong></span> <span class='ocrx_word' id='word_1_25' title='bbox 240 993 372 1059; x_wconf 80' lang='lat' dir='ltr'><strong>“ardum</strong></span> <span class='ocrx_word' id='word_1_26' title='bbox 389 993 601 1058; x_wconf 86' lang='lat' dir='ltr'><strong>miserrimum</strong></span> <span class='ocrx_word' id='word_1_27' title='bbox 617 999 713 1077; x_wconf 86' lang='lat' dir='ltr'><strong>atque</strong></span> <span class='ocrx_word' id='word_1_28' title='bbox 729 992 842 1058; x_wconf 85' lang='lat' dir='ltr'><strong>infelix</strong></span> <span class='ocrx_word' id='word_1_29' title='bbox 857 993 995 1076; x_wconf 85' lang='lat' dir='ltr'><strong>lignum:</strong></span> <span class='ocrx_word' id='word_1_30' title='bbox 1014 992 1200 1059; x_wconf 92' lang='lat' dir='ltr'><strong>sambucum</strong></span> <span class='ocrx_word' id='word_1_31' title='bbox 1214 999 1342 1060; x_wconf 89' lang='lat' dir='ltr'><strong>vocant.</strong></span> 
     </span>
    </p>
   </div>
   <div class='ocr_carea' id='block_1_5' title="bbox 239 1180 1341 1264">
    <p class='ocr_par' dir='ltr' id='par_1_5' title="bbox 239 1180 1341 1264">
     <span class='ocr_line' id='line_1_6' title="bbox 239 1180 1341 1264; baseline -0.002 -16"><span class='ocrx_word' id='word_1_32' title='bbox 239 1182 291 1248; x_wconf 86' lang='lat' dir='ltr'><strong>“di</strong></span> <span class='ocrx_word' id='word_1_33' title='bbox 314 1180 472 1246; x_wconf 82' lang='lat' dir='ltr'><strong>mdnerint</strong></span> <span class='ocrx_word' id='word_1_34' title='bbox 492 1180 627 1246; x_wconf 90' lang='lat' dir='ltr'><strong>meliora</strong></span> <span class='ocrx_word' id='word_1_35' title='bbox 650 1187 746 1264; x_wconf 88' lang='lat' dir='ltr'><strong>atque</strong></span> <span class='ocrx_word' id='word_1_36' title='bbox 769 1181 942 1246; x_wconf 86' lang='lat' dir='ltr'><strong>amentiam</strong></span> <span class='ocrx_word' id='word_1_37' title='bbox 963 1181 1224 1248; x_wconf 86' lang='lat' dir='ltr'><strong>averruncassiut</strong></span> <span class='ocrx_word' id='word_1_38' title='bbox 1245 1187 1341 1247; x_wconf 82' lang='lat' dir='ltr'><strong>tuam.</strong></span> 
     </span>
    </p>
   </div>
   <div class='ocr_carea' id='block_1_6' title="bbox 239 1366 1341 1452">
    <p class='ocr_par' dir='ltr' id='par_1_6' title="bbox 239 1366 1341 1452">
     <span class='ocr_line' id='line_1_7' title="bbox 239 1366 1341 1452; baseline 0.001 -18"><span class='ocrx_word' id='word_1_39' title='bbox 239 1374 274 1434; x_wconf 91' lang='grc'><strong>55</strong></span> <span class='ocrx_word' id='word_1_40' title='bbox 295 1387 357 1450; x_wconf 87' lang='lat' dir='ltr'><strong>ego</strong></span> <span class='ocrx_word' id='word_1_41' title='bbox 381 1367 534 1450; x_wconf 82' lang='lat' dir='ltr'><strong>effugiam</strong></span> <span class='ocrx_word' id='word_1_42' title='bbox 556 1367 642 1450; x_wconf 89' lang='lat' dir='ltr'><strong>qnod</strong></span> <span class='ocrx_word' id='word_1_43' title='bbox 663 1373 695 1434; x_wconf 91' lang='grc'><strong>55</strong></span> <span class='ocrx_word' id='word_1_44' title='bbox 717 1368 751 1431; x_wconf 93' lang='lat' dir='ltr'><strong>in</strong></span> <span class='ocrx_word' id='word_1_45' title='bbox 773 1367 886 1450; x_wconf 88' lang='lat' dir='ltr'><strong>primis</strong></span> <span class='ocrx_word' id='word_1_46' title='bbox 910 1385 1027 1452; x_wconf 86' lang='lat' dir='ltr'><strong>cupere</strong></span> <span class='ocrx_word' id='word_1_47' title='bbox 1050 1366 1152 1451; x_wconf 85' lang='lat' dir='ltr'><strong>apisci</strong></span> <span class='ocrx_word' id='word_1_48' title='bbox 1177 1368 1341 1452; x_wconf 83' lang='lat' dir='ltr'><strong>intellego.</strong></span> 
     </span>
    </p>
   </div>
   <div class='ocr_carea' id='block_1_7' title="bbox 240 1552 1343 1827">
    <p class='ocr_par' dir='ltr' id='par_1_7' title="bbox 240 1552 1343 1827">
     <span class='ocr_line' id='line_1_8' title="bbox 240 1552 1343 1641; baseline 0.002 -21"><span class='ocrx_word' id='word_1_49' title='bbox 240 1561 271 1620; x_wconf 93' lang='lat' dir='ltr'><strong>et</strong></span> <span class='ocrx_word' id='word_1_50' title='bbox 293 1555 381 1638; x_wconf 91' lang='lat' dir='ltr'><strong>quod</strong></span> <span class='ocrx_word' id='word_1_51' title='bbox 402 1555 459 1620; x_wconf 93' lang='lat' dir='ltr'><strong>tibi</strong></span> <span class='ocrx_word' id='word_1_52' title='bbox 475 1574 593 1636; x_wconf 83' lang='lat' dir='ltr'><strong>magne</strong></span> <span class='ocrx_word' id='word_1_53' title='bbox 612 1574 710 1638; x_wconf 88' lang='lat' dir='ltr'><strong>opere</strong></span> <span class='ocrx_word' id='word_1_54' title='bbox 725 1553 816 1619; x_wconf 88' lang='lat' dir='ltr'><strong>cordi</strong></span> <span class='ocrx_word' id='word_1_55' title='bbox 832 1560 889 1638; x_wconf 91' lang='grc'><strong>555,</strong></span> <span class='ocrx_word' id='word_1_56' title='bbox 913 1553 990 1618; x_wconf 92' lang='lat' dir='ltr'><strong>mibi</strong></span> <span class='ocrx_word' id='word_1_57' title='bbox 1006 1559 1170 1620; x_wconf 87' lang='lat' dir='ltr'><strong>vementer</strong></span> <span class='ocrx_word' id='word_1_58' title='bbox 1184 1552 1343 1641; x_wconf 89' lang='lat' dir='ltr'><strong>displicet.</strong></span> 
     </span>
     <span class='ocr_line' id='line_1_9' title="bbox 240 1739 1295 1827; baseline 0.002 -19"><span class='ocrx_word' id='word_1_59' title='bbox 240 1742 299 1810; x_wconf 86' lang='lat' dir='ltr'><strong>tibi</strong></span> <span class='ocrx_word' id='word_1_60' title='bbox 321 1762 417 1827; x_wconf 91' lang='lat' dir='ltr'><strong>porro</strong></span> <span class='ocrx_word' id='word_1_61' title='bbox 440 1742 540 1808; x_wconf 84' lang='lat' dir='ltr'><strong>istaec</strong></span> <span class='ocrx_word' id='word_1_62' title='bbox 562 1761 614 1808; x_wconf 89' lang='lat' dir='ltr'><strong>res</strong></span> <span class='ocrx_word' id='word_1_63' title='bbox 636 1742 755 1807; x_wconf 89' lang='lat' dir='ltr'><strong>idcirco</strong></span> <span class='ocrx_word' id='word_1_64' title='bbox 780 1747 828 1808; x_wconf 88' lang='lat' dir='ltr'><strong>est</strong></span> <span class='ocrx_word' id='word_1_65' title='bbox 852 1739 951 1824; x_wconf 88' lang='lat' dir='ltr'><strong>cordi,</strong></span> <span class='ocrx_word' id='word_1_66' title='bbox 975 1741 1063 1823; x_wconf 91' lang='lat' dir='ltr'><strong>quod</strong></span> <span class='ocrx_word' id='word_1_67' title='bbox 1084 1761 1155 1807; x_wconf 93' lang='lat' dir='ltr'><strong>rere</strong></span> <span class='ocrx_word' id='word_1_68' title='bbox 1177 1743 1295 1810; x_wconf 89' lang='lat' dir='ltr'><strong>utilem.</strong></span> 
     </span>
    </p>
   </div>
   <div class='ocr_carea' id='block_1_8' title="bbox 151 1923 1273 2015">
    <p class='ocr_par' dir='ltr' id='par_1_8' title="bbox 151 1923 1273 2015">
     <span class='ocr_line' id='line_1_10' title="bbox 151 1923 1273 2015; baseline 0.001 -22"><span class='ocrx_word' id='word_1_69' title='bbox 151 1935 201 1993; x_wconf 85' lang='grc'><strong>545</strong></span> <span class='ocrx_word' id='word_1_70' title='bbox 239 1929 370 1995; x_wconf 90' lang='lat' dir='ltr'><strong>summis</strong></span> <span class='ocrx_word' id='word_1_71' title='bbox 392 1930 495 1994; x_wconf 88' lang='lat' dir='ltr'><strong>nitere</strong></span> <span class='ocrx_word' id='word_1_72' title='bbox 517 1930 643 2015; x_wconf 77' lang='lat' dir='ltr'><strong>opibus,</strong></span> <span class='ocrx_word' id='word_1_73' title='bbox 667 1935 701 1992; x_wconf 87' lang='lat' dir='ltr'><strong>at</strong></span> <span class='ocrx_word' id='word_1_74' title='bbox 722 1947 784 2011; x_wconf 84' lang='lat' dir='ltr'><strong>ego</strong></span> <span class='ocrx_word' id='word_1_75' title='bbox 807 1923 918 1992; x_wconf 89' lang='lat' dir='ltr'><strong>contra</strong></span> <span class='ocrx_word' id='word_1_76' title='bbox 939 1933 974 1992; x_wconf 96' lang='grc'><strong>55</strong></span> <span class='ocrx_word' id='word_1_77' title='bbox 997 1926 1161 1995; x_wconf 89' lang='lat' dir='ltr'><strong>dissimilis</strong></span> <span class='ocrx_word' id='word_1_78' title='bbox 1184 1929 1273 1994; x_wconf 93' lang='lat' dir='ltr'><strong>siem.</strong></span> 
     </span>
    </p>
   </div>
   <div class='ocr_carea' id='block_1_9' title="bbox 136 2132 1441 3712">
    <p class='ocr_par' dir='ltr' id='par_1_9' title="bbox 137 2132 1346 2396">
     <span class='ocr_line' id='line_1_11' title="bbox 213 2132 1344 2210; baseline 0.001 -16"><span class='ocrx_word' id='word_1_79' title='bbox 213 2136 280 2194; x_wconf 91' lang='grc'><strong>538.</strong></span> <span class='ocrx_word' id='word_1_80' title='bbox 319 2135 436 2194; x_wconf 89' lang='lat' dir='ltr'><strong>Nouius</strong></span> <span class='ocrx_word' id='word_1_81' title='bbox 458 2152 485 2210; x_wconf 92' lang='lat' dir='ltr'><strong>p.</strong></span> <span class='ocrx_word' id='word_1_82' title='bbox 501 2137 547 2206; x_wconf 88' lang='grc'><strong>38,</strong></span> <span class='ocrx_word' id='word_1_83' title='bbox 562 2136 599 2192; x_wconf 90' lang='grc'><strong>28</strong></span> <span class='ocrx_word' id='word_1_84' title='bbox 621 2132 788 2209; x_wconf 78' lang='lat' dir='ltr'><strong>“Expirare</strong></span> <span class='ocrx_word' id='word_1_85' title='bbox 803 2179 809 2192; x_wconf 94' lang='lat'><strong>.</strong></span> <span class='ocrx_word' id='word_1_86' title='bbox 822 2181 828 2192; x_wconf 94' lang='lat'><strong>.</strong></span> <span class='ocrx_word' id='word_1_87' title='bbox 842 2179 848 2190; x_wconf 95' lang='lat'><strong>.</strong></span> <span class='ocrx_word' id='word_1_88' title='bbox 860 2133 938 2191; x_wconf 87' lang='lat' dir='ltr'><strong>idem</strong></span> <span class='ocrx_word' id='word_1_89' title='bbox 960 2149 1033 2188; x_wconf 84' lang='lat' dir='ltr'><strong>xxvr</strong></span> <span class='ocrx_word' id='word_1_90' title='bbox 1054 2133 1095 2192; x_wconf 91' lang='lat' dir='ltr'><strong>‘ut</strong></span> <span class='ocrx_word' id='word_1_91' title='bbox 1116 2133 1140 2190; x_wconf 92' lang='grc'><strong>51</strong></span> <span class='ocrx_word' id='word_1_92' title='bbox 1162 2135 1285 2193; x_wconf 89' lang='lat' dir='ltr'><strong>eluviem</strong></span> <span class='ocrx_word' id='word_1_93' title='bbox 1301 2181 1344 2195; x_wconf 92' lang='lat'><strong>...</strong></span> 
     </span>
     <span class='ocr_line' id='line_1_12' title="bbox 137 2226 1346 2305; baseline 0.004 -20"><span class='ocrx_word' id='word_1_94' title='bbox 137 2244 259 2286; x_wconf 79' lang='lat' dir='ltr'><strong>curuum</strong></span> <span class='ocrx_word' id='word_1_95' title='bbox 277 2230 412 2289; x_wconf 89' lang='lat' dir='ltr'><strong>omuibus</strong></span> <span class='ocrx_word' id='word_1_96' title='bbox 427 2274 433 2287; x_wconf 95' lang='lat'><strong>.</strong></span> <span class='ocrx_word' id='word_1_97' title='bbox 447 2271 454 2284; x_wconf 94' lang='lat'><strong>.</strong></span> <span class='ocrx_word' id='word_1_98' title='bbox 467 2273 473 2287; x_wconf 97' lang='lat'><strong>.</strong></span> <span class='ocrx_word' id='word_1_99' title='bbox 485 2229 601 2304; x_wconf 83' lang='lat' dir='ltr'><strong>expiret</strong></span> <span class='ocrx_word' id='word_1_100' title='bbox 620 2227 703 2286; x_wconf 83' lang='lat' dir='ltr'><strong>vrs’.”</strong></span> <span class='ocrx_word' id='word_1_101' title='bbox 782 2226 865 2286; x_wconf 70' lang='lat' dir='ltr'><strong>Iddm</strong></span> <span class='ocrx_word' id='word_1_102' title='bbox 888 2245 916 2303; x_wconf 92' lang='lat' dir='ltr'><strong>p.</strong></span> <span class='ocrx_word' id='word_1_103' title='bbox 930 2229 993 2300; x_wconf 81' lang='lat'>103,</span> <span class='ocrx_word' id='word_1_104' title='bbox 1008 2229 1045 2285; x_wconf 82' lang='lat'><strong>32</strong></span> <span class='ocrx_word' id='word_1_105' title='bbox 1067 2227 1217 2298; x_wconf 81' lang='lat' dir='ltr'><strong>“Elecicm,</strong></span> <span class='ocrx_word' id='word_1_106' title='bbox 1237 2247 1346 2305; x_wconf 85' lang='lat' dir='ltr'><strong>purga·</strong></span> 
     </span>
     <span class='ocr_line' id='line_1_13' title="bbox 139 2319 1217 2396; baseline -0.002 -16"><span class='ocrx_word' id='word_1_107' title='bbox 139 2322 258 2381; x_wconf 88' lang='lat' dir='ltr'><strong>tionem.</strong></span> <span class='ocrx_word' id='word_1_108' title='bbox 290 2323 423 2382; x_wconf 90' lang='lat' dir='ltr'><strong>Lucilius</strong></span> <span class='ocrx_word' id='word_1_109' title='bbox 443 2323 493 2381; x_wconf 91' lang='lat' dir='ltr'><strong>lib.</strong></span> <span class='ocrx_word' id='word_1_110' title='bbox 508 2340 580 2378; x_wconf 76' lang='lat' dir='ltr'><strong>xxvi</strong></span> <span class='ocrx_word' id='word_1_111' title='bbox 603 2319 643 2378; x_wconf 83' lang='lat' dir='ltr'><strong>‘ut</strong></span> <span class='ocrx_word' id='word_1_112' title='bbox 662 2323 768 2378; x_wconf 74' lang='lat' dir='ltr'><strong>eleatem</strong></span> <span class='ocrx_word' id='word_1_113' title='bbox 789 2321 888 2380; x_wconf 85' lang='lat' dir='ltr'><strong>facere</strong></span> <span class='ocrx_word' id='word_1_114' title='bbox 908 2339 963 2396; x_wconf 84' lang='lat' dir='ltr'><strong>per·</strong></span> <span class='ocrx_word' id='word_1_115' title='bbox 981 2331 1088 2378; x_wconf 82' lang='lat' dir='ltr'><strong>cautam</strong></span> <span class='ocrx_word' id='word_1_116' title='bbox 1109 2322 1217 2381; x_wconf 83' lang='lat' dir='ltr'><strong>velis’.&#39;’</strong></span> 
     </span>
    </p>

    <p class='ocr_par' dir='ltr' id='par_1_10' title="bbox 136 2413 1441 2588">
     <span class='ocr_line' id='line_1_14' title="bbox 211 2413 1441 2493; baseline -0.002 -18"><span class='ocrx_word' id='word_1_117' title='bbox 211 2419 277 2476; x_wconf 82' lang='lat'><strong>540.</strong></span> <span class='ocrx_word' id='word_1_118' title='bbox 318 2417 434 2476; x_wconf 87' lang='lat' dir='ltr'><strong>Nonius</strong></span> <span class='ocrx_word' id='word_1_119' title='bbox 460 2436 489 2493; x_wconf 94' lang='lat' dir='ltr'><strong>p.</strong></span> <span class='ocrx_word' id='word_1_120' title='bbox 504 2415 550 2489; x_wconf 86' lang='grc'><strong>14,</strong></span> <span class='ocrx_word' id='word_1_121' title='bbox 572 2417 609 2472; x_wconf 88' lang='grc'><strong>20</strong></span> <span class='ocrx_word' id='word_1_122' title='bbox 636 2413 771 2473; x_wconf 83' lang='lat' dir='ltr'><strong>“Ardum</strong></span> <span class='ocrx_word' id='word_1_123' title='bbox 796 2433 851 2492; x_wconf 91' lang='lat' dir='ltr'><strong>pro</strong></span> <span class='ocrx_word' id='word_1_124' title='bbox 879 2415 1001 2474; x_wconf 87' lang='lat' dir='ltr'><strong>aridum.</strong></span> <span class='ocrx_word' id='word_1_125' title='bbox 1043 2415 1177 2473; x_wconf 86' lang='lat' dir='ltr'><strong>Lucilius</strong></span> <span class='ocrx_word' id='word_1_126' title='bbox 1202 2417 1346 2477; x_wconf 82' lang='lat' dir='ltr'><strong>libxxvr</strong></span> <span class='ocrx_word' id='word_1_127' title='bbox 1438 2413 1441 2418; x_wconf 82' lang='grc'><strong>’</strong></span> 
     </span>
     <span class='ocr_line' id='line_1_15' title="bbox 136 2509 1056 2588; baseline -0.001 -21"><span class='ocrx_word' id='word_1_128' title='bbox 136 2509 243 2583; x_wconf 72' lang='lat' dir='ltr'><em>(XXVII</em></span> <span class='ocrx_word' id='word_1_129' title='bbox 254 2509 430 2588; x_wconf 74' lang='lat' dir='ltr'><strong>Leidensis)</strong></span> <span class='ocrx_word' id='word_1_130' title='bbox 453 2509 566 2568; x_wconf 72' lang='lat' dir='ltr'><strong>‘ardum</strong></span> <span class='ocrx_word' id='word_1_131' title='bbox 582 2555 588 2568; x_wconf 92' lang='lat'><strong>.</strong></span> <span class='ocrx_word' id='word_1_132' title='bbox 602 2554 608 2567; x_wconf 99' lang='lat'><strong>.</strong></span> <span class='ocrx_word' id='word_1_133' title='bbox 621 2555 627 2568; x_wconf 95' lang='lat'><strong>.</strong></span> <span class='ocrx_word' id='word_1_134' title='bbox 639 2525 755 2566; x_wconf 81' lang='lat' dir='ltr'><strong>srsnum</strong></span> <span class='ocrx_word' id='word_1_135' title='bbox 775 2511 905 2568; x_wconf 85' lang='grc'><strong>55555555</strong></span> <span class='ocrx_word' id='word_1_136' title='bbox 925 2509 1056 2568; x_wconf 81' lang='lat' dir='ltr'><strong>vocnn’.”</strong></span> 
     </span>
    </p>

    <p class='ocr_par' dir='ltr' id='par_1_11' title="bbox 137 2601 1346 3038">
     <span class='ocr_line' id='line_1_16' title="bbox 216 2601 1346 2680; baseline -0.001 -18"><span class='ocrx_word' id='word_1_137' title='bbox 216 2604 282 2662; x_wconf 87' lang='grc'><strong>541.</strong></span> <span class='ocrx_word' id='word_1_138' title='bbox 322 2604 438 2664; x_wconf 87' lang='grc' dir='ltr'><strong>Ν55155</strong></span> <span class='ocrx_word' id='word_1_139' title='bbox 459 2622 487 2680; x_wconf 93' lang='lat' dir='ltr'><strong>p.</strong></span> <span class='ocrx_word' id='word_1_140' title='bbox 504 2602 550 2677; x_wconf 86' lang='grc'><strong>14,</strong></span> <span class='ocrx_word' id='word_1_141' title='bbox 565 2604 602 2660; x_wconf 89' lang='grc'><strong>23</strong></span> <span class='ocrx_word' id='word_1_142' title='bbox 624 2601 860 2676; x_wconf 81' lang='grc' dir='ltr'><strong>“Α5555555555,</strong></span> <span class='ocrx_word' id='word_1_143' title='bbox 883 2609 1023 2662; x_wconf 87' lang='lat' dir='ltr'><strong>avertere.</strong></span> <span class='ocrx_word' id='word_1_144' title='bbox 1056 2605 1191 2662; x_wconf 88' lang='lat' dir='ltr'><strong>Lucilius</strong></span> <span class='ocrx_word' id='word_1_145' title='bbox 1210 2605 1260 2664; x_wconf 93' lang='lat' dir='ltr'><strong>lib.</strong></span> <span class='ocrx_word' id='word_1_146' title='bbox 1272 2625 1346 2662; x_wconf 80' lang='lat' dir='ltr'><strong>xxm</strong></span> 
     </span>
     <span class='ocr_line' id='line_1_17' title="bbox 137 2696 1346 2759; baseline 0.004 -5"><span class='ocrx_word' id='word_1_147' title='bbox 137 2696 372 2756; x_wconf 68' lang='lat' dir='ltr'><strong>‘unumunurm</strong></span> <span class='ocrx_word' id='word_1_148' title='bbox 392 2697 515 2756; x_wconf 82' lang='lat' dir='ltr'><strong>meliora</strong></span> <span class='ocrx_word' id='word_1_149' title='bbox 535 2716 699 2754; x_wconf 72' lang='lat' dir='ltr'><strong>susurrum</strong></span> <span class='ocrx_word' id='word_1_150' title='bbox 719 2699 940 2755; x_wconf 73' lang='lat' dir='ltr'><strong>abmuacuseiat</strong></span> <span class='ocrx_word' id='word_1_151' title='bbox 958 2698 1055 2755; x_wconf 85' lang='lat' dir='ltr'><strong>tuam’.</strong></span> <span class='ocrx_word' id='word_1_152' title='bbox 1089 2699 1238 2756; x_wconf 86' lang='lat' dir='ltr'><strong>Pacuvius</strong></span> <span class='ocrx_word' id='word_1_153' title='bbox 1257 2700 1346 2759; x_wconf 90' lang='lat' dir='ltr'><strong>Medo</strong></span> 
     </span>
     <span class='ocr_line' id='line_1_18' title="bbox 139 2789 1346 2866; baseline 0.005 -18"><span class='ocrx_word' id='word_1_154' title='bbox 139 2789 271 2866; x_wconf 88' lang='lat' dir='ltr'><strong>‘possum</strong></span> <span class='ocrx_word' id='word_1_155' title='bbox 293 2808 349 2866; x_wconf 87' lang='lat' dir='ltr'><strong>ego</strong></span> <span class='ocrx_word' id='word_1_156' title='bbox 369 2790 456 2848; x_wconf 86' lang='lat' dir='ltr'><strong>istam</strong></span> <span class='ocrx_word' id='word_1_157' title='bbox 477 2791 575 2866; x_wconf 88' lang='lat' dir='ltr'><strong>capite</strong></span> <span class='ocrx_word' id='word_1_158' title='bbox 597 2791 710 2850; x_wconf 86' lang='lat' dir='ltr'><strong>cladem</strong></span> <span class='ocrx_word' id='word_1_159' title='bbox 731 2791 993 2849; x_wconf 86' lang='lat' dir='ltr'><strong>averruncasserc&#39;.</strong></span> <span class='ocrx_word' id='word_1_160' title='bbox 1024 2791 1067 2850; x_wconf 90' lang='lat' dir='ltr'><strong>M.</strong></span> <span class='ocrx_word' id='word_1_161' title='bbox 1089 2791 1205 2854; x_wconf 79' lang='lat' dir='ltr'><strong>Tullius</strong></span> <span class='ocrx_word' id='word_1_162' title='bbox 1218 2793 1263 2862; x_wconf 66' lang='lat' dir='ltr'><strong>vde</strong></span> <span class='ocrx_word' id='word_1_163' title='bbox 1283 2793 1346 2854; x_wconf 88' lang='lat' dir='ltr'><strong>tini-</strong></span> 
     </span>
     <span class='ocr_line' id='line_1_19' title="bbox 137 2883 1346 2967; baseline 0.005 -25"><span class='ocrx_word' id='word_1_164' title='bbox 137 2885 191 2942; x_wconf 85' lang='lat' dir='ltr'><strong>bus</strong></span> <span class='ocrx_word' id='word_1_165' title='bbox 217 2885 362 2943; x_wconf 90' lang='lat' dir='ltr'><strong>boncrum</strong></span> <span class='ocrx_word' id='word_1_166' title='bbox 389 2886 585 2967; x_wconf 73' lang='lat' dir='ltr'><strong>etmalorum</strong></span> <span class='ocrx_word' id='word_1_167' title='bbox 611 2885 681 2960; x_wconf 85' lang='lat' dir='ltr'><strong>(boe</strong></span> <span class='ocrx_word' id='word_1_168' title='bbox 708 2883 827 2960; x_wconf 87' lang='lat' dir='ltr'><strong>falsum)</strong></span> <span class='ocrx_word' id='word_1_169' title='bbox 850 2884 889 2942; x_wconf 83' lang='lat' dir='ltr'><strong>‘di</strong></span> <span class='ocrx_word' id='word_1_170' title='bbox 915 2885 1081 2944; x_wconf 87' lang='lat' dir='ltr'><strong>maluerunt</strong></span> <span class='ocrx_word' id='word_1_171' title='bbox 1107 2887 1228 2945; x_wconf 86' lang='lat' dir='ltr'><strong>meliora</strong></span> <span class='ocrx_word' id='word_1_172' title='bbox 1257 2896 1346 2965; x_wconf 87' lang='lat' dir='ltr'><strong>atque</strong></span> 
     </span>
     <span class='ocr_line' id='line_1_20' title="bbox 138 2979 710 3038; baseline 0 -2"><span class='ocrx_word' id='word_1_173' title='bbox 138 2980 297 3038; x_wconf 88' lang='lat' dir='ltr'><strong>amentiam</strong></span> <span class='ocrx_word' id='word_1_174' title='bbox 319 2979 561 3038; x_wconf 85' lang='lat' dir='ltr'><strong>aberruncassint</strong></span> <span class='ocrx_word' id='word_1_175' title='bbox 581 2979 710 3037; x_wconf 85' lang='lat' dir='ltr'><strong>meam&#39;.”</strong></span> 
     </span>
    </p>

    <p class='ocr_par' dir='ltr' id='par_1_12' title="bbox 137 3070 1346 3334">
     <span class='ocr_line' id='line_1_21' title="bbox 216 3070 1346 3154; baseline 0.005 -24"><span class='ocrx_word' id='word_1_176' title='bbox 216 3073 282 3132; x_wconf 92' lang='grc'><strong>542.</strong></span> <span class='ocrx_word' id='word_1_177' title='bbox 324 3071 440 3130; x_wconf 88' lang='lat' dir='ltr'><strong>Nonius</strong></span> <span class='ocrx_word' id='word_1_178' title='bbox 455 3091 483 3149; x_wconf 94' lang='lat' dir='ltr'><strong>p.</strong></span> <span class='ocrx_word' id='word_1_179' title='bbox 497 3070 543 3148; x_wconf 84' lang='grc'><strong>14,</strong></span> <span class='ocrx_word' id='word_1_180' title='bbox 556 3076 592 3133; x_wconf 88' lang='grc'><strong>29</strong></span> <span class='ocrx_word' id='word_1_181' title='bbox 609 3073 743 3149; x_wconf 80' lang='lat' dir='ltr'><strong>“Apisci,</strong></span> <span class='ocrx_word' id='word_1_182' title='bbox 759 3070 893 3146; x_wconf 87' lang='lat' dir='ltr'><strong>adipisci.</strong></span> <span class='ocrx_word' id='word_1_183' title='bbox 922 3071 1056 3129; x_wconf 84' lang='lat' dir='ltr'><strong>Lucilius</strong></span> <span class='ocrx_word' id='word_1_184' title='bbox 1076 3072 1126 3130; x_wconf 90' lang='lat' dir='ltr'><strong>lib.</strong></span> <span class='ocrx_word' id='word_1_185' title='bbox 1139 3093 1213 3132; x_wconf 83' lang='lat' dir='ltr'><strong>xxur</strong></span> <span class='ocrx_word' id='word_1_186' title='bbox 1234 3075 1277 3135; x_wconf 89' lang='lat' dir='ltr'><strong>‘ut</strong></span> <span class='ocrx_word' id='word_1_187' title='bbox 1290 3095 1346 3154; x_wconf 86' lang='lat' dir='ltr'><strong>ego</strong></span> 
     </span>
     <span class='ocr_line' id='line_1_22' title="bbox 138 3163 1346 3244; baseline 0.006 -20"><span class='ocrx_word' id='word_1_188' title='bbox 138 3166 278 3241; x_wconf 83' lang='lat' dir='ltr'><strong>effugiam</strong></span> <span class='ocrx_word' id='word_1_189' title='bbox 300 3163 433 3242; x_wconf 81' lang='lat' dir='ltr'><strong>(effutiam</strong></span> <span class='ocrx_word' id='word_1_190' title='bbox 447 3166 617 3240; x_wconf 87' lang='lat' dir='ltr'><strong>Leidensis)</strong></span> <span class='ocrx_word' id='word_1_191' title='bbox 639 3165 719 3242; x_wconf 89' lang='lat' dir='ltr'><strong>quod</strong></span> <span class='ocrx_word' id='word_1_192' title='bbox 740 3164 837 3240; x_wconf 86' lang='lat' dir='ltr'><strong>(addit</strong></span> <span class='ocrx_word' id='word_1_193' title='bbox 856 3185 904 3241; x_wconf 75' lang='lat' dir='ltr'><strong>epo</strong></span> <span class='ocrx_word' id='word_1_194' title='bbox 921 3164 1184 3244; x_wconf 85' lang='lat' dir='ltr'><strong>Guelferbytanus)</strong></span> <span class='ocrx_word' id='word_1_195' title='bbox 1203 3178 1232 3229; x_wconf 91' lang='grc'><strong>55</strong></span> <span class='ocrx_word' id='word_1_196' title='bbox 1248 3174 1346 3231; x_wconf 91' lang='lat' dir='ltr'><strong>...iu-</strong></span> 
     </span>
     <span class='ocr_line' id='line_1_23' title="bbox 137 3259 285 3334; baseline 0 -16"><span class='ocrx_word' id='word_1_197' title='bbox 137 3259 285 3334; x_wconf 81' lang='lat' dir='ltr'><strong>tellego’.’&#39;</strong></span> 
     </span>
    </p>

    <p class='ocr_par' dir='ltr' id='par_1_13' title="bbox 140 3351 1347 3616">
     <span class='ocr_line' id='line_1_24' title="bbox 216 3351 1347 3431; baseline 0.005 -19"><span class='ocrx_word' id='word_1_198' title='bbox 216 3356 283 3412; x_wconf 89' lang='grc'><strong>543.</strong></span> <span class='ocrx_word' id='word_1_199' title='bbox 324 3355 388 3413; x_wconf 88' lang='grc'><strong>544.</strong></span> <span class='ocrx_word' id='word_1_200' title='bbox 429 3355 544 3413; x_wconf 90' lang='lat' dir='ltr'><strong>Nouius</strong></span> <span class='ocrx_word' id='word_1_201' title='bbox 568 3373 597 3430; x_wconf 89' lang='lat' dir='ltr'><strong>p.</strong></span> <span class='ocrx_word' id='word_1_202' title='bbox 611 3355 658 3428; x_wconf 83' lang='lat'><strong>88,</strong></span> <span class='ocrx_word' id='word_1_203' title='bbox 673 3356 710 3412; x_wconf 86' lang='grc'><strong>32</strong></span> <span class='ocrx_word' id='word_1_204' title='bbox 734 3351 851 3412; x_wconf 81' lang='lat' dir='ltr'><strong>“Cordi</strong></span> <span class='ocrx_word' id='word_1_205' title='bbox 872 3355 934 3422; x_wconf 86' lang='grc'><strong>555,</strong></span> <span class='ocrx_word' id='word_1_206' title='bbox 960 3351 1083 3411; x_wconf 85' lang='lat' dir='ltr'><strong>honeste</strong></span> <span class='ocrx_word' id='word_1_207' title='bbox 1104 3354 1228 3431; x_wconf 84' lang='lat' dir='ltr'><strong>dictum,</strong></span> <span class='ocrx_word' id='word_1_208' title='bbox 1250 3359 1347 3417; x_wconf 90' lang='lat' dir='ltr'><strong>animo</strong></span> 
     </span>
     <span class='ocr_line' id='line_1_25' title="bbox 141 3445 1347 3526; baseline 0.007 -22"><span class='ocrx_word' id='word_1_209' title='bbox 141 3447 233 3505; x_wconf 86' lang='lat' dir='ltr'><strong>sedet.</strong></span> <span class='ocrx_word' id='word_1_210' title='bbox 267 3447 401 3505; x_wconf 86' lang='lat' dir='ltr'><strong>Lucilius</strong></span> <span class='ocrx_word' id='word_1_211' title='bbox 425 3449 476 3507; x_wconf 90' lang='lat' dir='ltr'><strong>lib.</strong></span> <span class='ocrx_word' id='word_1_212' title='bbox 491 3466 566 3504; x_wconf 84' lang='lat' dir='ltr'><strong>xxvr</strong></span> <span class='ocrx_word' id='word_1_213' title='bbox 592 3447 632 3505; x_wconf 91' lang='lat' dir='ltr'><strong>‘et</strong></span> <span class='ocrx_word' id='word_1_214' title='bbox 647 3448 866 3506; x_wconf 82' lang='grc'><strong>...5555555555</strong></span> <span class='ocrx_word' id='word_1_215' title='bbox 888 3445 1043 3522; x_wconf 89' lang='lat' dir='ltr'><strong>displicet&#39;.</strong></span> <span class='ocrx_word' id='word_1_216' title='bbox 1074 3448 1211 3526; x_wconf 88' lang='lat' dir='ltr'><strong>idemque</strong></span> <span class='ocrx_word' id='word_1_217' title='bbox 1237 3449 1273 3508; x_wconf 81' lang='lat' dir='ltr'><strong>‘sn</strong></span> <span class='ocrx_word' id='word_1_218' title='bbox 1294 3453 1347 3512; x_wconf 88' lang='lat' dir='ltr'><strong>tibi</strong></span> 
     </span>
     <span class='ocr_line' id='line_1_26' title="bbox 140 3539 495 3616; baseline 0 -17"><span class='ocrx_word' id='word_1_219' title='bbox 140 3539 278 3616; x_wconf 90' lang='lat' dir='ltr'><strong>...quod</strong></span> <span class='ocrx_word' id='word_1_220' title='bbox 299 3559 336 3596; x_wconf 83' lang='lat' dir='ltr'><strong>nn</strong></span> <span class='ocrx_word' id='word_1_221' title='bbox 357 3541 495 3601; x_wconf 83' lang='lat' dir='ltr'><strong>utilem&#39;.’&#39;</strong></span> 
     </span>
    </p>

    <p class='ocr_par' dir='ltr' id='par_1_14' title="bbox 216 3633 1348 3712">
     <span class='ocr_line' id='line_1_27' title="bbox 216 3633 1348 3712; baseline 0.003 -20"><span class='ocrx_word' id='word_1_222' title='bbox 216 3635 282 3692; x_wconf 90' lang='grc'><strong>545.</strong></span> <span class='ocrx_word' id='word_1_223' title='bbox 315 3634 431 3694; x_wconf 87' lang='grc' dir='ltr'><strong>Νο5155</strong></span> <span class='ocrx_word' id='word_1_224' title='bbox 446 3654 474 3712; x_wconf 91' lang='lat' dir='ltr'><strong>p.</strong></span> <span class='ocrx_word' id='word_1_225' title='bbox 484 3637 550 3709; x_wconf 84' lang='lat'>353,</span> <span class='ocrx_word' id='word_1_226' title='bbox 563 3640 596 3694; x_wconf 92' lang='grc'><strong>11</strong></span> <span class='ocrx_word' id='word_1_227' title='bbox 613 3633 662 3694; x_wconf 90' lang='lat' dir='ltr'><strong>“N</strong></span> <span class='ocrx_word' id='word_1_228' title='bbox 666 3635 706 3710; x_wconf 89' lang='lat' dir='ltr'><strong>iti,</strong></span> <span class='ocrx_word' id='word_1_229' title='bbox 721 3635 825 3693; x_wconf 89' lang='lat' dir='ltr'><strong>fultum</strong></span> <span class='ocrx_word' id='word_1_230' title='bbox 840 3653 915 3694; x_wconf 88' lang='lat' dir='ltr'><strong>esse.</strong></span> <span class='ocrx_word' id='word_1_231' title='bbox 945 3634 1077 3694; x_wconf 89' lang='lat' dir='ltr'><strong>Lucilius</strong></span> <span class='ocrx_word' id='word_1_232' title='bbox 1092 3636 1142 3695; x_wconf 88' lang='lat' dir='ltr'><strong>lib.</strong></span> <span class='ocrx_word' id='word_1_233' title='bbox 1152 3656 1225 3694; x_wconf 74' lang='lat' dir='ltr'><strong>xxvi</strong></span> <span class='ocrx_word' id='word_1_234' title='bbox 1241 3638 1348 3696; x_wconf 72' lang='lat' dir='ltr'><strong>‘suman</strong></span> 
     </span>
    </p>
   </div>
   <div class='ocr_carea' id='block_1_10' title="bbox 140 3711 1348 3896">
    <p class='ocr_par' dir='ltr' id='par_1_15' title="bbox 140 3711 1348 3896">
     <span class='ocr_line' id='line_1_28' title="bbox 140 3711 1348 3810; baseline 0.007 -26"><span class='ocrx_word' id='word_1_235' title='bbox 140 3711 376 3802; x_wconf 73' lang='lat' dir='ltr'><strong>(cummialunius</strong></span> <span class='ocrx_word' id='word_1_236' title='bbox 390 3735 420 3786; x_wconf 91' lang='lat' dir='ltr'><strong>et</strong></span> <span class='ocrx_word' id='word_1_237' title='bbox 429 3729 592 3806; x_wconf 81' lang='lat' dir='ltr'><strong>Mercerus)</strong></span> <span class='ocrx_word' id='word_1_238' title='bbox 606 3735 720 3789; x_wconf 81' lang='grc'><strong>51515555</strong></span> <span class='ocrx_word' id='word_1_239' title='bbox 733 3729 790 3804; x_wconf 86' lang='grc'><strong>(515</strong></span> <span class='ocrx_word' id='word_1_240' title='bbox 802 3729 1065 3806; x_wconf 84' lang='lat' dir='ltr'><strong>Guelferbytanus:</strong></span> <span class='ocrx_word' id='word_1_241' title='bbox 1085 3733 1167 3788; x_wconf 78' lang='lat' dir='ltr'><strong>adtira</strong></span> <span class='ocrx_word' id='word_1_242' title='bbox 1176 3731 1348 3810; x_wconf 85' lang='lat' dir='ltr'><strong>Leideusis)</strong></span> 
     </span>
     <span class='ocr_line' id='line_1_29' title="bbox 141 3820 431 3896; baseline 0.014 -18"><span class='ocrx_word' id='word_1_243' title='bbox 141 3820 248 3896; x_wconf 91' lang='lat' dir='ltr'><strong>opibus</strong></span> <span class='ocrx_word' id='word_1_244' title='bbox 266 3864 291 3879; x_wconf 97' lang='lat'><strong>..</strong></span> <span class='ocrx_word' id='word_1_245' title='bbox 305 3821 431 3881; x_wconf 83' lang='lat' dir='ltr'><strong>‚siem&#39;.&#39;’</strong></span> 
     </span>
    </p>
   </div>
   <div class='ocr_carea' id='block_1_11' title="bbox 1375 2557 1385 2590">
    <p class='ocr_par' dir='ltr' id='par_1_16' title="bbox 1375 2557 1385 2590">
     <span class='ocr_line' id='line_1_30' title="bbox 1375 2557 1385 2590; baseline 0 0"><span class='ocrx_word' id='word_1_246' title='bbox 1375 2557 1385 2590; x_wconf 70' lang='grc'><strong>1</strong></span> 
     </span>
    </p>
   </div>
   <div class='ocr_carea' id='block_1_12' title="bbox 140 4018 1349 4477">
    <p class='ocr_par' dir='ltr' id='par_1_17' title="bbox 218 4018 578 4080">
     <span class='ocr_line' id='line_1_31' title="bbox 218 4018 578 4080; baseline 0.008 -3"><span class='ocrx_word' id='word_1_247' title='bbox 218 4020 284 4079; x_wconf 89' lang='grc'><strong>539.</strong></span> <span class='ocrx_word' id='word_1_248' title='bbox 324 4021 376 4077; x_wconf 80' lang='lat' dir='ltr'><strong>viis</strong></span> <span class='ocrx_word' id='word_1_249' title='bbox 396 4018 445 4077; x_wconf 87' lang='lat' dir='ltr'><strong>Fr.</strong></span> <span class='ocrx_word' id='word_1_250' title='bbox 466 4020 578 4080; x_wconf 86' lang='lat' dir='ltr'><strong>Dousa.</strong></span> 
     </span>
    </p>

    <p class='ocr_par' dir='ltr' id='par_1_18' title="bbox 216 4094 966 4173">
     <span class='ocr_line' id='line_1_32' title="bbox 216 4094 966 4173; baseline 0.001 -19"><span class='ocrx_word' id='word_1_251' title='bbox 216 4095 283 4155; x_wconf 89' lang='grc'><strong>540.</strong></span> <span class='ocrx_word' id='word_1_252' title='bbox 322 4096 418 4170; x_wconf 74' lang='lat' dir='ltr'><strong>infelice</strong></span> <span class='ocrx_word' id='word_1_253' title='bbox 439 4095 540 4171; x_wconf 72' lang='grc'><strong>1195555</strong></span> <span class='ocrx_word' id='word_1_254' title='bbox 559 4104 591 4155; x_wconf 86' lang='lat' dir='ltr'><strong>&#39;et</strong></span> <span class='ocrx_word' id='word_1_255' title='bbox 609 4104 712 4153; x_wconf 83' lang='grc'><strong>555555</strong></span> <span class='ocrx_word' id='word_1_256' title='bbox 730 4094 800 4152; x_wconf 90' lang='lat' dir='ltr'><strong>olim</strong></span> <span class='ocrx_word' id='word_1_257' title='bbox 820 4097 966 4173; x_wconf 87' lang='lat' dir='ltr'><strong>impressi.</strong></span> 
     </span>
    </p>

    <p class='ocr_par' dir='ltr' id='par_1_19' title="bbox 140 4170 1349 4405">
     <span class='ocr_line' id='line_1_33' title="bbox 217 4170 1347 4251; baseline 0.001 -20"><span class='ocrx_word' id='word_1_258' title='bbox 217 4172 282 4231; x_wconf 91' lang='grc'><strong>541.</strong></span> <span class='ocrx_word' id='word_1_259' title='bbox 325 4174 366 4229; x_wconf 85' lang='lat' dir='ltr'><strong>Di</strong></span> <span class='ocrx_word' id='word_1_260' title='bbox 388 4177 522 4231; x_wconf 75' lang='grc'><strong>55555555</strong></span> <span class='ocrx_word' id='word_1_261' title='bbox 542 4173 667 4232; x_wconf 88' lang='lat' dir='ltr'><strong>Pacuvii</strong></span> <span class='ocrx_word' id='word_1_262' title='bbox 689 4189 791 4230; x_wconf 89' lang='lat' dir='ltr'><strong>versus</strong></span> <span class='ocrx_word' id='word_1_263' title='bbox 816 4174 897 4251; x_wconf 90' lang='lat' dir='ltr'><strong>apud</strong></span> <span class='ocrx_word' id='word_1_264' title='bbox 917 4174 1085 4232; x_wconf 84' lang='lat' dir='ltr'><strong>Varronem</strong></span> <span class='ocrx_word' id='word_1_265' title='bbox 1107 4170 1143 4228; x_wconf 92' lang='lat' dir='ltr'><strong>de</strong></span> <span class='ocrx_word' id='word_1_266' title='bbox 1164 4172 1267 4246; x_wconf 85' lang='lat' dir='ltr'><strong>lingua</strong></span> <span class='ocrx_word' id='word_1_267' title='bbox 1288 4173 1347 4232; x_wconf 88' lang='lat' dir='ltr'><strong>La·</strong></span> 
     </span>
     <span class='ocr_line' id='line_1_34' title="bbox 140 4249 1349 4326; baseline -0.001 -16"><span class='ocrx_word' id='word_1_268' title='bbox 140 4251 263 4310; x_wconf 83' lang='grc'><strong>515555</strong></span> <span class='ocrx_word' id='word_1_269' title='bbox 283 4268 313 4324; x_wconf 92' lang='lat' dir='ltr'><strong>p.</strong></span> <span class='ocrx_word' id='word_1_270' title='bbox 327 4251 374 4321; x_wconf 90' lang='grc'><strong>81,</strong></span> <span class='ocrx_word' id='word_1_271' title='bbox 389 4250 427 4306; x_wconf 93' lang='grc'><strong>22</strong></span> <span class='ocrx_word' id='word_1_272' title='bbox 448 4255 478 4307; x_wconf 92' lang='grc'><strong>55</strong></span> <span class='ocrx_word' id='word_1_273' title='bbox 497 4249 578 4326; x_wconf 89' lang='lat' dir='ltr'><strong>apud</strong></span> <span class='ocrx_word' id='word_1_274' title='bbox 598 4250 723 4308; x_wconf 88' lang='lat' dir='ltr'><strong>Paulum</strong></span> <span class='ocrx_word' id='word_1_275' title='bbox 743 4249 819 4309; x_wconf 91' lang='lat' dir='ltr'><strong>libro</strong></span> <span class='ocrx_word' id='word_1_276' title='bbox 834 4270 889 4307; x_wconf 89' lang='lat' dir='ltr'><strong>xrx</strong></span> <span class='ocrx_word' id='word_1_277' title='bbox 909 4267 946 4307; x_wconf 87' lang='lat' dir='ltr'><strong>ex</strong></span> <span class='ocrx_word' id='word_1_278' title='bbox 964 4249 1056 4306; x_wconf 78' lang='lat' dir='ltr'><strong>Festo</strong></span> <span class='ocrx_word' id='word_1_279' title='bbox 1076 4266 1105 4323; x_wconf 92' lang='lat' dir='ltr'><strong>p.</strong></span> <span class='ocrx_word' id='word_1_280' title='bbox 1122 4249 1176 4306; x_wconf 87' lang='lat'><strong>160</strong></span> <span class='ocrx_word' id='word_1_281' title='bbox 1199 4249 1297 4324; x_wconf 73' lang='lat' dir='ltr'><strong>Line,</strong></span> <span class='ocrx_word' id='word_1_282' title='bbox 1319 4257 1349 4310; x_wconf 89' lang='lat' dir='ltr'><strong>et</strong></span> 
     </span>
     <span class='ocr_line' id='line_1_35' title="bbox 143 4324 985 4405; baseline -0.001 -20"><span class='ocrx_word' id='word_1_283' title='bbox 143 4325 262 4403; x_wconf 89' lang='lat' dir='ltr'><strong>quidem</strong></span> <span class='ocrx_word' id='word_1_284' title='bbox 282 4326 312 4384; x_wconf 92' lang='lat' dir='ltr'><strong>in</strong></span> <span class='ocrx_word' id='word_1_285' title='bbox 335 4324 460 4400; x_wconf 78' lang='lat' dir='ltr'><strong>Chryse,</strong></span> <span class='ocrx_word' id='word_1_286' title='bbox 481 4333 514 4385; x_wconf 88' lang='lat' dir='ltr'><strong>ut</strong></span> <span class='ocrx_word' id='word_1_287' title='bbox 533 4333 659 4385; x_wconf 86' lang='grc'><strong>55555555</strong></span> <span class='ocrx_word' id='word_1_288' title='bbox 678 4326 794 4385; x_wconf 86' lang='grc' dir='ltr'><strong>Ν55155</strong></span> <span class='ocrx_word' id='word_1_289' title='bbox 814 4347 843 4405; x_wconf 95' lang='lat' dir='ltr'><strong>p.</strong></span> <span class='ocrx_word' id='word_1_290' title='bbox 858 4326 925 4401; x_wconf 84' lang='grc'><strong>501,</strong></span> <span class='ocrx_word' id='word_1_291' title='bbox 940 4328 985 4385; x_wconf 89' lang='grc'><strong>26.</strong></span> 
     </span>
    </p>

    <p class='ocr_par' dir='ltr' id='par_1_20' title="bbox 218 4404 609 4477">
     <span class='ocr_line' id='line_1_36' title="bbox 218 4404 609 4477; baseline 0 -16"><span class='ocrx_word' id='word_1_292' title='bbox 218 4404 284 4462; x_wconf 86' lang='grc'><strong>544.</strong></span> <span class='ocrx_word' id='word_1_293' title='bbox 325 4404 400 4477; x_wconf 66' lang='lat' dir='ltr'><strong>meod</strong></span> <span class='ocrx_word' id='word_1_294' title='bbox 418 4421 478 4459; x_wconf 80' lang='lat' dir='ltr'><strong>rere</strong></span> <span class='ocrx_word' id='word_1_295' title='bbox 498 4404 609 4462; x_wconf 88' lang='lat' dir='ltr'><strong>Iunius.</strong></span> 
     </span>
    </p>
   </div>
   <div class='ocr_carea' id='block_1_13' title="bbox 0 0 1659 5166">
    <p class='ocr_par' dir='ltr' id='par_1_21' title="bbox 0 0 1659 5166">
     <span class='ocr_line' id='line_1_37' title="bbox 0 0 1659 5166; baseline 0 0"><span class='ocrx_word' id='word_1_296' title='bbox 0 0 1659 5166; x_wconf 95' lang='lat' dir='ltr'><strong> </strong></span> 
     </span>
    </p>
   </div>
  </div>
 </body>
</html>
