3300 5166
719 337 772 385 XX

521 504 719 587 scalprorum
741 503 975 588 forcipiumque

244 609 334 673 milia
357 607 473 689 viginti

865 783 896 842 et
917 775 1009 841 uncis

153 890 204 949 ⁵⁰5
244 880 421 965 forcipibus
445 880 557 946 dentes
580 880 735 946 evelleret

703 1201 905 1375 Χ(

157 1431 177 1472 *
240 1439 430 1518 tempestate
453 1457 513 1502 sua
534 1442 631 1520 atque
654 1435 767 1501 eodem
790 1455 853 1500 uno
876 1442 1020 1519 tempore
1043 1443 1074 1500 et
1098 1434 1196 1500 horae

243 1534 376 1600 dimidio
400 1543 432 1603 et
454 1538 547 1605 tribu’
569 1538 723 1605 confectis
747 1538 912 1602 dumtaxat
935 1538 1073 1604 eandem

243 1638 286 1702 ad
310 1646 468 1723 quartam.
513 1703 517 1714 „

243 1815 390 1895 nugator,
415 1813 466 1877 cui
489 1814 572 1897 dem,
596 1832 635 1876 ac
657 1812 774 1878 nebulo
797 1811 839 1877 sit
860 1807 1010 1876 maximu'
1035 1813 1144 1876 multo.

152 1989 199 2048 510
238 1978 440 2047 deblaterant
464 1981 624 2069 [plennus]
647 1981 742 2047 bonu’
764 1983 892 2047 rusticu‘
917 1983 1055 2047 concinit
1077 2001 1151 2048 una.

243 2148 291 2212 illi
312 2152 459 2233 praeciso
483 2159 578 2236 atque
605 2152 710 2238 epulis
736 2155 902 2236 capiuntur
926 2154 1052 2236 opimis,

134 2357 268 2428 regulam
298 2360 435 2432 servant,
459 2356 491 2414 id
518 2364 564 2417 est
589 2358 757 2431 generalem
778 2357 807 2414 in
828 2357 853 2414 si
878 2355 1086 2430 desinentium,
1115 2357 1195 2416 sensi
1222 2374 1350 2430 sensum,

135 2452 218 2510 rausi
240 2468 370 2510 rausum.
411 2449 489 2508 unde
511 2451 645 2509 Lucilius
667 2451 695 2508 in
717 2450 1129 2510 x1x‘rausuro...oreste’.’'

210 2549 277 2606 502.
322 2543 479 2604 Charisius
495 2563 524 2620 p.
542 2543 579 2602 14
601 2543 753 2604 “Forfices
766 2549 796 2604 et
811 2545 940 2620 forcipes
957 2543 1076 2619 quidam
1092 2544 1287 2620 distinguunt.

134 2639 187 2698 sed
213 2639 317 2713 inepta
341 2637 415 2697 haec
438 2656 507 2698 esse
534 2637 670 2695 Lucilius
698 2637 800 2712 docet,
827 2637 876 2714 qui
902 2638 991 2698 etiam
1016 2639 1196 2698 medicorum
1223 2639 1351 2716 forcipes

135 2733 206 2791 dicit
234 2733 311 2792 libro
339 2751 407 2807 xrx,
435 2732 650 2789 ‘susurronum
682 2733 730 2805 (an
755 2734 926 2807 culpatorum?
956 2739 988 2792 ut
1014 2733 1086 2793 dicit
1111 2732 1349 2792 Lindemannus:

130 2828 306 2902 sabbatorum
322 2825 469 2902 impressi)
486 2826 709 2908 torcipiumque
725 2827 805 2884 milia
819 2826 942 2901 viginti,
960 2827 1030 2885 item
1042 2829 1131 2902 paulo
1145 2836 1214 2903 post
1228 2827 1349 2884 ‘ruurrs

132 2965 139 2979 .
151 2965 157 2979 .
169 2966 175 2978 .
187 2922 388 2980 vnnnnusr’.’'

209 3015 276 3074 506.
317 3013 430 3073 Gellius
458 3032 500 3088 111,
525 3015 561 3072 14
591 3013 721 3090 “Itaque
749 3013 883 3073 Lucilius
913 3015 1016 3074 eadem
1043 3016 1297 3075 secutus...iam
1322 3015 1352 3074 in

132 3107 274 3168 vicesimo
292 3109 475 3168 manifestius
490 3108 642 3167 dimidiam
662 3107 766 3167 horam
787 3108 886 3168 dicere
907 3109 1039 3168 studiose
1060 3111 1136 3184 fugit
1158 3110 1211 3168 sed
1232 3128 1287 3186 pro
1308 3109 1349 3166 di-

133 3202 224 3262 midia
248 3202 399 3261 dimidium
419 3203 504 3279 ponit
523 3203 552 3259 in
575 3202 656 3260 hisce
678 3203 811 3261 versibus
833 3201 1022 3279 ‘tempestate
1038 3251 1043 3263 .
1058 3251 1064 3263 .
1077 3250 1083 3263 .
1096 3205 1249 3281 quartam’.
1282 3222 1347 3262 nam

136 3313 201 3352 cum
226 3297 345 3354 obvium
369 3303 449 3356 esset
472 3295 571 3354 dicere
600 3295 733 3356 ‘dimidia
754 3306 784 3356 et
808 3297 902 3356 tribus
928 3299 1090 3372 conlectis,
1117 3298 1239 3372 vigilate
1260 3304 1350 3373 atque

137 3397 249 3448 attente
271 3391 394 3450 verbum
415 3409 474 3450 non
495 3390 621 3466 probum
644 3391 774 3450 vitavit.”

210 3487 277 3544 509.
318 3485 435 3542 Nonius
456 3502 485 3560 p.
503 3486 547 3556 19,
562 3487 580 3542 2
601 3483 795 3544 “Nebulones
817 3491 847 3543 et
861 3485 1059 3544 tenebriones.
1082 3485 1221 3546 ...idem
1241 3485 1293 3546 lib.
1308 3503 1351 3540 xx
1369 3550 1371 3554 .

88 3571 91 3576 ’
133 3585 264 3653 nugator
285 3578 401 3636 cuidem
416 3624 422 3637 .
436 3623 442 3636 .
455 3623 461 3636 .
476 3577 601 3637 multo'.''
643 3601 654 3642 ς

212 3672 280 3729 510.
320 3670 436 3730 Nonius
457 3690 486 3747 p.
502 3673 549 3744 96,
567 3674 602 3730 10
624 3672 850 3746 “Deblaterare,
877 3671 1009 3747 obloqui,
1036 3672 1216 3748 confingere.
1259 3672 1349 3732 Luci-

132 3763 187 3823 lius
209 3763 261 3824 lib.
277 3783 321 3821 xx
347 3764 496 3842 (impressi
510 3767 584 3842 xxx)
612 3764 811 3826 ‘deblaterant
834 3765 960 3841 plennus
990 3767 1154 3833 (deblaterat
1174 3768 1273 3842 plenus
1297 3767 1349 3823 im·

132 3859 245 3933 pressi)
263 3903 288 3917 ..
303 3859 413 3918 .una’.''

209 3953 277 4012 511.
319 3953 436 4012 Nonius
458 3973 487 4030 p.
505 3958 602 4031 1513
624 3952 821 4013 “Praecisnm
846 3960 876 4011 et
896 3971 1041 4027 omasum,
1066 3961 1167 4029 partes
1195 3953 1292 4011 cernis
1320 3960 1351 4012 et

132 4046 286 4106 viscerum.
374 4046 506 4108 Lucilius
532 4049 583 4109 lib.
599 4067 643 4105 xx
667 4046 725 4106 ‘illi
746 4050 894 4122 praecioso
924 4047 1087 4122 (praecioso
1114 4047 1285 4121 Leidensis)
1301 4097 1307 4109 .
1321 4096 1346 4109 ..

133 4138 275 4215 opimis’.''
905 4134 908 4142 ’
1087 4135 1089 4140 ’

209 4321 276 4378 502.
297 4319 315 4359 *
332 4318 419 4380 Cous.
436 4338 539 4381 comm.
553 4322 583 4379 in
605 4323 694 4381 Lucr.
709 4339 738 4397 p.
754 4323 800 4380 51.

209 4397 277 4456 504.
317 4407 344 4457 ot
361 4403 438 4458 uocis
458 4411 488 4459 et
509 4401 632 4461 evelleret
650 4398 701 4460 rr.
721 4399 834 4460 Dousa.
