3300 5166
289 393 323 434 w
810 387 975 424 ranacario

289 562 425 608 mannus
447 563 578 608 numero
602 549 667 607 n'en
688 563 766 609 vcro
789 541 951 624 insignitis
976 541 1120 608 versibus
1135 562 1246 607 verum
1262 560 1358 624 quem
1373 545 1501 624 putaret

288 694 461 780 adscripsit
483 700 538 762 aut
559 699 644 761 certe
667 694 820 764 traditum
834 714 947 762 verum
961 715 1026 768 non
1042 714 1114 761 esse
1129 693 1332 780 significavit,
1355 693 1497 776 reliquos

288 855 395 916 autern
421 852 467 916 ita
494 849 604 916 divisit
629 843 664 914 ut
690 849 923 935 dactylicarum
944 850 1029 935 parti
1051 850 1145 914 alteri
1168 849 1326 933 ‘r-xxv',
1356 849 1450 914 alteri
1466 851 1498 914 et

287 1004 402 1069 maiori
434 1004 562 1088 quidem
595 1003 680 1088 parti
711 1002 861 1066 ‘1-xxv.
882 1004 954 1066 xxx’
984 1002 1155 1086 adfigeret,
1186 1003 1356 1072 trochaicis
1391 1008 1498 1070 autem

288 1165 319 1224 et
347 1157 491 1223 iambicis
516 1177 575 1242 pro
600 1160 774 1222 metrorum
802 1176 925 1239 genere
957 1157 1010 1222 vel
1041 1156 1163 1222 ‘xxvuu
1184 1160 1271 1222 xxrx'
1300 1157 1499 1224 adscriberet

287 1312 339 1378 vel
367 1312 605 1392 ‘xxvr-xxru',
640 1311 783 1378 rationes
810 1311 934 1377 scilieet
960 1315 1087 1376 secutus
1117 1331 1189 1396 eas,
1219 1331 1300 1397 quas
1328 1312 1363 1378 in
1394 1313 1496 1378 altero

288 1466 414 1530 illorum
437 1465 601 1549 prooemio
625 1465 784 1548 exposuit,
807 1483 891 1548 quae
912 1485 997 1530 nune
1020 1483 1091 1530 cum
1114 1463 1228 1530 ceteris
1251 1466 1320 1532 eius
1336 1465 1497 1551 opusculis

287 1621 321 1683 in
350 1617 505 1702 peculiari
538 1615 647 1681 libello
681 1616 776 1682 simul
807 1638 877 1683 curn
904 1620 1027 1684 Lucilio
1054 1616 1234 1703 prodeunte
1262 1620 1327 1703 legi
1354 1625 1497 1704 possunt.

286 1772 343 1836 His
366 1771 476 1853 igitur,
501 1787 585 1851 quae
607 1770 649 1835 ad
672 1772 871 1838 Lachmanni
893 1778 1030 1838 mentem
1054 1771 1283 1837 declarandam
1304 1779 1498 1839 momentum

287 1923 393 1988 faeere
421 1928 569 2006 apparet,
605 1942 681 1988 usus
712 1945 782 1990 sum
813 1927 872 2012 ita,
905 1932 939 1990 ut
966 1925 1156 2008 fragmentis
1184 1923 1337 1991 adhunc
1367 1927 1497 1992 modum

286 2075 441 2140 ordinatis
474 2075 593 2141 indicia
620 2078 679 2142 illa
708 2079 817 2143 omnia
844 2079 925 2144 sicut
952 2079 986 2142 in
1017 2077 1144 2143 schedis
1173 2079 1375 2164 praescripta
1402 2087 1495 2146 erant

285 2231 412 2295 testium
435 2228 543 2293 verbis
565 2229 622 2293 sed
646 2232 737 2295 uncis
759 2233 886 2296 inclusa
908 2231 1121 2297 adnecterem.

370 2382 434 2448 Sed
458 2383 491 2447 in
514 2390 672 2449 certorum
695 2404 823 2468 quoque
852 2384 1006 2450 librorum
1037 2385 1226 2466 fragmentis
1249 2405 1270 2448 a
1298 2403 1334 2450 se
1362 2385 1496 2468 digestis

284 2537 442 2620 Hauptiue
466 2541 621 2604 nonnulla
643 2543 699 2603 aut
720 2539 753 2602 in
774 2536 921 2603 versibus
944 2541 999 2601 aut
1020 2537 1211 2602 testimoniis
1235 2542 1291 2602 aut
1305 2538 1338 2602 in
1354 2540 1497 2622 utrisque

283 2687 491 2754 inchoaverat
512 2697 636 2756 tantum
659 2712 725 2757 non
740 2693 983 2776 perscripserat,
1007 2691 1076 2756 sive
1091 2691 1170 2775 quid
1185 2692 1256 2776 ipse
1271 2692 1496 2757 Lachmannus

283 2846 437 2909 incertum
454 2844 629 2926 reliquerat
644 2843 713 2908 sive
729 2842 842 2906 deerat
863 2842 993 2906 omnino
1016 2843 1172 2909 schedula
1186 2845 1395 2930 Lachmanni,
1419 2847 1496 2913 alibi

284 2997 372 3060 nulla
394 2996 501 3060 littera
525 2997 643 3078 scripta
666 2996 723 3062 sed
745 2995 850 3080 spatio
867 3015 970 3060 vacuo
986 2995 1096 3060 relicto
1112 2997 1311 3079 significarat
1326 3017 1398 3063 esse
1413 3019 1497 3081 quae

282 3149 315 3212 in
337 3147 541 3224 retractando
562 3149 755 3233 apographo
779 3149 902 3214 addere
924 3149 1031 3214 vellet.
1074 3129 1163 3215 Haec
1185 3170 1247 3233 ego
1270 3149 1443 3235 perscripsi
1466 3157 1499 3216 et

191 3317 193 3324 ’
283 3299 396 3365 addidi
423 3321 463 3366 ea
488 3301 561 3382 lege
594 3299 676 3365 nihil
712 3307 745 3366 ut
778 3303 849 3386 ipse
878 3301 1082 3366 emendarem
1113 3301 1171 3366 sed
1198 3307 1314 3385 poetae
1340 3303 1441 3369 verba
1466 3308 1498 3368 et

283 3453 564 3533 grammaticorum
586 3453 770 3518 testimonia
792 3453 838 3516 ita
859 3472 1012 3536 ponerem
1035 3459 1068 3518 ut
1091 3460 1166 3519 ante
1189 3455 1317 3536 vulgari
1341 3455 1496 3540 solebant,

282 3609 314 3668 et
335 3603 399 3668 illis
422 3605 552 3687 quidem
579 3606 772 3690 fragmentis
803 3625 886 3689 quae
914 3607 985 3671 sine
1008 3607 1206 3672 Lachmanni
1229 3605 1349 3672 scheda
1370 3605 1498 3671 inchoa-

282 3762 373 3823 verat
395 3762 503 3822 tamen
525 3758 698 3843 Hauptius,
730 3759 903 3826 asteriscos
926 3758 1081 3844 praefixi,
1110 3759 1225 3842 quibus
1255 3759 1360 3842 ipsum
1388 3759 1422 3823 in
1450 3759 1497 3824 eis

282 3930 365 3994 quae
387 3931 408 3974 a
429 3929 465 3974 se
491 3909 604 3976 addita
631 3918 742 3977 essent
762 3933 855 3978 usum
877 3911 1035 3997 viderem,
1066 3933 1149 3997 quae
1172 3931 1249 3978 vero
1272 3931 1337 3976 non
1362 3911 1498 3979 ducente

283 4060 424 4146 Hauptio
447 4064 482 4127 in
506 4064 620 4147 spatiis
642 4065 684 4129 ab
708 4084 746 4130 ec
770 4067 890 4131 relictis
913 4066 1027 4149 adieci,
1051 4083 1092 4128 ea
1113 4070 1148 4128 ut
1165 4083 1237 4129 meo
1253 4065 1348 4130 unius
1363 4067 1498 4132 consilio

283 4215 419 4280 nitentia
436 4220 527 4280 extra
549 4235 699 4282 numeros
723 4237 875 4282 versuum
896 4219 1001 4303 posui,
1025 4217 1185 4284 neminem
1208 4225 1245 4284 ut
1260 4219 1410 4305 decipere
1425 4237 1497 4304 pos·

283 4371 363 4432 sent.
408 4367 459 4432 Ad
493 4369 702 4460 eundemque*
722 4370 852 4436 modum
887 4370 1032 4456 disposui
1062 4375 1093 4436 et
1121 4373 1255 4439 exaravi
1284 4392 1324 4437 ea
1351 4390 1435 4456 quae
1464 4370 1497 4436 in
