3300 5166
911 385 951 434 VI

785 552 837 619 hio
858 555 947 619 solus
970 555 1129 638 vigilavit,
1152 555 1275 639 opinor,

436 667 467 726 el
489 679 561 726 eum
583 657 616 724 id
639 658 681 724 nni
703 656 792 722 visus
815 656 922 723 iuuere
944 664 1002 741 est,
1026 663 1092 722 tum
1113 657 1196 723 retia
1216 660 1313 724 nexit.

351 853 397 916 lte
441 845 548 914 delioit
570 847 657 912 alme
678 845 786 930 Ceres,
809 863 868 912 neo
891 847 1002 931 plebes
1023 864 1108 932 pane
1130 847 1258 931 potitur.

439 1035 553 1104 fisoine
575 1035 684 1104 lullaei
707 1037 832 1102 cumulo

565 1243 639 1290 uem
663 1223 811 1290 omnibns
832 1223 907 1290 nnu’
928 1224 1022 1291 dolor
1043 1225 1199 1309 reoeeptu'
1222 1224 1387 1305 labosque.

508 1417 539 1478 el
562 1411 697 1478 eruribu'
721 1428 814 1478 omre
836 1409 1036 1478 dislltxante

904 1669 967 1756 VI

437 1891 526 1972 neo,
550 1889 692 1976 inquens,
714 1889 809 1956 rudet
830 1909 869 1955 ex
892 1888 1004 1954 rostris
1027 1893 1123 1974 atque
1146 1891 1335 1975 heiulitubit,

348 2001 403 2064 100
446 2011 651 2076 eonouueene,
674 1993 727 2060 vel
748 1995 784 2055 ut
804 1991 994 2075 Anoharius,
1018 1992 1168 2076 clareque
1190 1993 1357 2078 quiritans.

415 2185 475 2246 lte.
516 2181 686 2242 Pulseienns
707 2199 734 2259 p.
750 2185 805 2242 861
830 2181 979 2256 “Quidam
1004 2189 1104 2241 temen
1126 2183 1213 2241 etium
1241 2181 1325 2254 nexi,
1354 2183 1486 2242 dieentes
1510 2188 1540 2243 et

333 2295 442 2353 lienus,
467 2283 499 2340 ut
520 2275 606 2338 deoto
627 2275 695 2336 dexi
719 2283 749 2336 et
770 2275 873 2333 flexus.
959 2276 1094 2335 Lucilius
1116 2277 1186 2334 inv
1207 2275 1264 2335 ‘hie
1345 2279 1411 2335 mdi
1492 2296 1539 2336 ne·

332 2373 410 2438 ult‘.*'
528 2370 613 2434 idem
633 2388 663 2450 p.
678 2372 734 2430 903
761 2367 923 2429 “Similiter
950 2379 1038 2431 necto
1065 2372 1153 2430 nexui
1178 2377 1213 2449 ,et
1238 2371 1382 2430 nexi.
1406 2372 1539 2431 Lucilius

333 2469 361 2530 lu
383 2487 399 2526 l·
428 2465 483 2530 ’llo
569 2465 633 2524 milli
658 2464 739 2524 visne
765 2473 804 2522 est
831 2463 928 2523 faeere
955 2471 1016 2525 tum
1041 2467 1116 2526 retis
1145 2466 1260 2525 nexit'.”
1377 2465 1540 2525 Diomedes

333 2581 361 2644 p.
376 2565 432 2626 tut
459 2559 576 2624 ”Noetu
597 2558 683 2618 nexui
710 2559 758 2618 vel
783 2557 859 2619 nexi.
946 2559 1091 2621 Lueillius
1118 2568 1284 2637 satyrarum
1310 2579 1439 2619 eororam
1466 2561 1540 2619 retia

333 2655 439 2720 uent'*

411 2753 473 2814 lut.
514 2745 808 2823 lausanensem
830 2747 984 2808 “Lucilius
1010 2766 1080 2808 tero
1105 2749 1134 2808 in
1158 2769 1186 2820 v,
1216 2730 1538 2825 ‘deficit'...p0titu1·’,

332 2845 493 2908 seeundum
515 2847 650 2924 quartem
670 2839 909 2917 coniugationem
929 2842 1078 2920 produota
1098 2843 1280 2919 paenultima
1299 2843 1447 2920 protulit.''

411 2941 472 3004 lle.
514 2935 635 3000 Seevlue
662 2935 701 2996 ed
722 2935 848 3012 Vergilii
867 2953 969 3012 georg.
985 2953 1004 3011 ι,
1018 2937 1075 2994 266
1094 2954 1124 3013 p.
1139 2938 1189 2996 82ο
1209 2936 1353 2998 “Fiseina
1378 2955 1472 3013 genus
1493 2947 1541 2998 est

332 3033 425 3103 teile,
450 3031 481 3096 ld
506 3037 552 3096 eet
572 3030 712 3094 corbulae
732 3032 839 3092 breues
859 3049 934 3108 quas
954 3031 1106 3108 perierunt
1131 3030 1181 3106 qni
1201 3029 1325 3091 arbusta
1350 3033 1539 3095 vindemiant.

335 3127 467 3192 bouillon
489 3125 517 3190 lo
540 3126 643 3208 quinto
665 3125 779 3188 ‘lisoius
798 3126 899 3187 felleei
919 3125 1070 3186 oumulo’.”

410 3221 471 3286 tet.
515 3220 636 3286 Solvite
663 3221 702 3284 ud
726 3219 877 3282 Aeneidos
898 3239 928 3296 x,
948 3221 1004 3280 398
1030 3217 1113 3279 “Alii
1139 3219 1268 3279 dolorem
1298 3221 1421 3280 alieuius
1449 3224 1540 3283 studii

330 3317 465 3384 eudomio
486 3323 515 3380 et
529 3321 698 3398 puomptem
718 3316 831 3394 gloriae
851 3315 1042 3392 cupiditatem
1064 3318 1193 3373 veterum
1206 3331 1287 3374 more
1302 3316 1411 3377 dietum
1427 3318 1539 3394 volunt,

329 3419 361 3479 ul
387 3411 497 3478 illelmi
521 3403 615 3472 adnue
640 3409 808 3492 appellent,
838 3407 971 3470 Lucilius
997 3406 1027 3467 in
1054 3407 1156 3486 quinto
1183 3408 1260 3469 ‘nam
1348 3421 1470 3489 receptos
1495 3414 1538 3472 la·

330 3509 383 3573 tos
407 3507 478 3573 eud-¹²
926 3548 930 3558 ·
1003 3557 1007 3570 .

386 3527 472 3666 qllld-
513 3597 679 3682 Peephyulo
699 3597 737 3662 ed
751 3597 870 3660 Horatii
892 3614 1055 3658 sermonum
1076 3602 1138 3674 1,2,
1154 3600 1217 3674 125,
1240 3598 1336 3659 ‘Haeo
1356 3599 1407 3659 ubi
1428 3616 1538 3676 suppo-

330 3699 387 3763 suit
408 3695 514 3762 deatum
528 3711 636 3776 eulpae
656 3691 725 3757 ulti
744 3693 878 3766 leovum,
900 3690 987 3766 “Hoc
1008 3698 1054 3751 est
1074 3693 1303 3776 qnodnuoilius
1323 3693 1365 3752 ait
1384 3694 1414 3752 in
1434 3693 1539 3770 quinto

329 3791 369 3858 ‘el
456 3789 600 3852 dloeell'*
640 3785 781 3852 Sltullltet·
804 3792 1018 3847 commentator
1046 3784 1236 3862 Crnquianus
1256 3805 1287 3863 p.
1300 3789 1391 3847 320³.
1432 3786 1538 3848 Codex

332 3889 362 3954 el.
386 3885 487 3952 [lentot
507 3883 558 3950 ‘ult
579 3883 608 3948 lo
633 3895 687 3942 eat
705 3887 736 3946 et
757 3881 889 3944 eruribus
910 3898 997 3942 crura
1016 3881 1180 3940 diollaeoo!

411 3985 471 4047 llll.
513 3977 614 4044 Valle
633 3977 672 4042 de
692 3977 795 4058 lingue
816 3975 929 4040 hellue
945 3993 985 4032 vn
1006 3993 1035 4052 p.
1048 3976 1094 4050 81,
1108 3977 1146 4034 32
1167 3973 1287 4034 “Multa
1307 3976 1345 4036 ab
1368 3977 1538 4037 animalium

331 4073 455 4141 noellae
476 4073 585 4141 Μαῖα
605 4071 634 4136 lu
655 4071 802 4147 demittent
820 4071 927 4152 purtim
948 4086 1023 4147 quae
1046 4074 1113 4128 sunt
1133 4075 1248 4144 aperta,
1269 4071 1379 4147 partim
1398 4072 1536 4134 obseura.

327 4169 488 4252 polemone
507 4175 539 4234 ul
627 4165 732 4232 uultui
753 4165 836 4230 'luen
918 4181 955 4223 ex
975 4162 1079 4222 nostrie
1101 4166 1190 4239 etque
1204 4165 1372 4226 latitabit'l'
1472 4166 1535 4226 No·

329 4263 396 4328 telae
419 4265 513 4346 totle
532 4265 567 4328 le
588 4259 759 4344 “llulelltue
779 4265 825 4324 eet
844 4259 984 4332 olemere3
1009 4261 1134 4318 tractum
1156 4258 1249 4318 abiis
1271 4260 1322 4336 qui
1342 4260 1471 4336 Quirites
1492 4263 1535 4321 in·

329 4365 446 4424 noant.
493 4357 624 4424 duellius
644 4363 808 4440 uelpmum
828 4353 878 4420 lib.
894 4371 924 4414 vu
946 4351 1030 4414 ‘haee
1046 4395 1052 4411 .
1068 4369 1123 4411 ..e
1142 4353 1246 4414 rostris
1272 4360 1362 4431 atque
1386 4356 1535 4415 leiulitooit

328 4493 355 4517 ..
370 4495 376 4513 .
391 4450 472 4514 ooo
494 4469 646 4514 sueonum
667 4495 714 4518 ...
729 4447 907 4534 qululteue'.'’
1082 4438 1087 4449 ’
