<?xml version="1.0" encoding="UTF-8"?>
<!DOCTYPE html PUBLIC "-//W3C//DTD XHTML 1.0 Transitional//EN"
    "http://www.w3.org/TR/xhtml1/DTD/xhtml1-transitional.dtd">
<html xmlns="http://www.w3.org/1999/xhtml" xml:lang="en" lang="en">
 <head>
  <title>
</title>
<meta http-equiv="Content-Type" content="text/html;charset=utf-8" />
  <meta name='ocr-system' content='tesseract 3.04.00' />
  <meta name='ocr-capabilities' content='ocr_page ocr_carea ocr_par ocr_line ocrx_word'/>
</head>
<body>
  <div class='ocr_page' id='page_1' title='image "./saturarum00lucigoog_0102.png"; bbox 0 0 3298 5170; ppageno 0'>
   <div class='ocr_carea' id='block_1_1' title="bbox 661 333 796 384">
    <p class='ocr_par' dir='ltr' id='par_1_1' title="bbox 661 333 796 384">
     <span class='ocr_line' id='line_1_1' title="bbox 661 333 796 384; baseline -0.03 0"><span class='ocrx_word' id='word_1_1' title='bbox 661 333 796 384; x_wconf 89' lang='lat' dir='ltr'>XXVHII</span> 
     </span>
    </p>
   </div>
   <div class='ocr_carea' id='block_1_2' title="bbox 134 497 1095 1151">
    <p class='ocr_par' dir='ltr' id='par_1_2' title="bbox 225 497 1029 963">
     <span class='ocr_line' id='line_1_2' title="bbox 225 497 1029 587; baseline 0.001 -23"><span class='ocrx_word' id='word_1_2' title='bbox 225 506 261 567; x_wconf 90' lang='lat' dir='ltr'>ut</span> <span class='ocrx_word' id='word_1_3' title='bbox 285 500 313 566; x_wconf 93' lang='lat' dir='ltr'>si</span> <span class='ocrx_word' id='word_1_4' title='bbox 335 499 371 565; x_wconf 89' lang='lat' dir='ltr'>id</span> <span class='ocrx_word' id='word_1_5' title='bbox 393 498 481 584; x_wconf 88' lang='lat' dir='ltr'>quod</span> <span class='ocrx_word' id='word_1_6' title='bbox 503 501 708 587; x_wconf 77' lang='lat' dir='ltr'>concupisset</span> <span class='ocrx_word' id='word_1_7' title='bbox 729 519 795 566; x_wconf 94' lang='lat' dir='ltr'>non</span> <span class='ocrx_word' id='word_1_8' title='bbox 817 505 913 586; x_wconf 86' lang='lat' dir='ltr'>aptus</span> <span class='ocrx_word' id='word_1_9' title='bbox 935 497 1029 584; x_wconf 73' lang='lat' dir='ltr'>foret,</span> 
     </span>
     <span class='ocr_line' id='line_1_3' title="bbox 225 688 909 772; baseline -0.001 -17"><span class='ocrx_word' id='word_1_10' title='bbox 225 688 419 765; x_wconf 81' lang='lat' dir='ltr'>deletionem</span> <span class='ocrx_word' id='word_1_11' title='bbox 441 692 542 772; x_wconf 80' lang='lat' dir='ltr'>nostri</span> <span class='ocrx_word' id='word_1_12' title='bbox 565 691 608 758; x_wconf 85' lang='lat' dir='ltr'>ad</span> <span class='ocrx_word' id='word_1_13' title='bbox 629 711 728 757; x_wconf 91' lang='lat' dir='ltr'>unum</span> <span class='ocrx_word' id='word_1_14' title='bbox 750 690 909 757; x_wconf 87' lang='lat' dir='ltr'>exercitus</span> 
     </span>
     <span class='ocr_line' id='line_1_4' title="bbox 225 811 872 963; baseline 0 -20"><span class='ocrx_word' id='word_1_15' title='bbox 225 843 374 944; x_wconf 84' lang='lat' dir='ltr'>detrusus</span> <span class='ocrx_word' id='word_1_16' title='bbox 397 883 466 944; x_wconf 86' lang='lat' dir='ltr'>totc</span> <span class='ocrx_word' id='word_1_17' title='bbox 488 877 521 945; x_wconf 82' lang='lat' dir='ltr'>vi</span> <span class='ocrx_word' id='word_1_18' title='bbox 545 879 750 963; x_wconf 88' lang='lat' dir='ltr'>deiectusque</span> <span class='ocrx_word' id='word_1_19' title='bbox 775 811 872 945; x_wconf 79' lang='lat' dir='ltr'>italic</span> 
     </span>
    </p>

    <p class='ocr_par' dir='ltr' id='par_1_3' title="bbox 134 1063 1095 1151">
     <span class='ocr_line' id='line_1_5' title="bbox 134 1063 1095 1151; baseline 0.003 -23"><span class='ocrx_word' id='word_1_20' title='bbox 134 1072 186 1131; x_wconf 80' lang='lat' dir='ltr'>loo</span> <span class='ocrx_word' id='word_1_21' title='bbox 224 1066 285 1132; x_wconf 91' lang='lat' dir='ltr'>hoc</span> <span class='ocrx_word' id='word_1_22' title='bbox 307 1071 373 1133; x_wconf 91' lang='lat' dir='ltr'>tum</span> <span class='ocrx_word' id='word_1_23' title='bbox 395 1067 452 1132; x_wconf 93' lang='lat' dir='ltr'>ille</span> <span class='ocrx_word' id='word_1_24' title='bbox 474 1066 616 1133; x_wconf 83' lang='lat' dir='ltr'>habebat</span> <span class='ocrx_word' id='word_1_25' title='bbox 638 1073 669 1132; x_wconf 90' lang='lat' dir='ltr'>et</span> <span class='ocrx_word' id='word_1_26' title='bbox 691 1065 759 1132; x_wconf 84' lang='lat' dir='ltr'>fere</span> <span class='ocrx_word' id='word_1_27' title='bbox 782 1073 908 1132; x_wconf 89' lang='lat' dir='ltr'>omnem</span> <span class='ocrx_word' id='word_1_28' title='bbox 931 1063 1095 1151; x_wconf 84' lang='lat' dir='ltr'><strong>Apuliam.</strong></span> 
     </span>
    </p>
   </div>
   <div class='ocr_carea' id='block_1_3' title="bbox 227 1254 1160 1442">
    <p class='ocr_par' dir='ltr' id='par_1_4' title="bbox 227 1254 1160 1442">
     <span class='ocr_line' id='line_1_6' title="bbox 227 1254 1160 1340; baseline 0 -21"><span class='ocrx_word' id='word_1_29' title='bbox 227 1255 285 1340; x_wconf 86' lang='lat' dir='ltr'>sic,</span> <span class='ocrx_word' id='word_1_30' title='bbox 308 1255 450 1340; x_wconf 83' lang='lat' dir='ltr'>inquam,</span> <span class='ocrx_word' id='word_1_31' title='bbox 474 1260 687 1322; x_wconf 82' lang='lat' dir='ltr'>veteratorem</span> <span class='ocrx_word' id='word_1_32' title='bbox 709 1255 800 1321; x_wconf 93' lang='lat' dir='ltr'>illum</span> <span class='ocrx_word' id='word_1_33' title='bbox 823 1274 862 1320; x_wconf 86' lang='grc'>55</span> <span class='ocrx_word' id='word_1_34' title='bbox 884 1255 1026 1320; x_wconf 89' lang='lat' dir='ltr'>vetulum</span> <span class='ocrx_word' id='word_1_35' title='bbox 1050 1254 1160 1339; x_wconf 91' lang='lat' dir='ltr'>lupum</span> 
     </span>
     <span class='ocr_line' id='line_1_7' title="bbox 227 1357 611 1442; baseline 0.01 -21"><span class='ocrx_word' id='word_1_36' title='bbox 227 1357 422 1424; x_wconf 79' lang='lat' dir='ltr'>Annibalem</span> <span class='ocrx_word' id='word_1_37' title='bbox 445 1362 611 1442; x_wconf 85' lang='lat' dir='ltr'>acceptum</span> 
     </span>
    </p>
   </div>
   <div class='ocr_carea' id='block_1_4' title="bbox 227 1546 823 1631">
    <p class='ocr_par' dir='ltr' id='par_1_5' title="bbox 227 1546 823 1631">
     <span class='ocr_line' id='line_1_8' title="bbox 227 1546 823 1631; baseline -0.002 -20"><span class='ocrx_word' id='word_1_38' title='bbox 227 1546 372 1629; x_wconf 37' lang='lat' dir='ltr'>hiemem,</span> <span class='ocrx_word' id='word_1_39' title='bbox 388 1567 485 1614; x_wconf 85' lang='lat' dir='ltr'>unam</span> <span class='ocrx_word' id='word_1_40' title='bbox 509 1564 670 1631; x_wconf 84' lang='lat' dir='ltr'>quamque</span> <span class='ocrx_word' id='word_1_41' title='bbox 693 1565 823 1631; x_wconf 84' lang='lat' dir='ltr'>carpam</span> 
     </span>
    </p>
   </div>
   <div class='ocr_carea' id='block_1_5' title="bbox 137 1734 1040 1924">
    <p class='ocr_par' dir='ltr' id='par_1_6' title="bbox 137 1734 1040 1924">
     <span class='ocr_line' id='line_1_9' title="bbox 228 1734 983 1822; baseline 0 -21"><span class='ocrx_word' id='word_1_42' title='bbox 228 1735 385 1802; x_wconf 84' lang='lat' dir='ltr'>concedat</span> <span class='ocrx_word' id='word_1_43' title='bbox 406 1735 528 1802; x_wconf 89' lang='lat' dir='ltr'>homini</span> <span class='ocrx_word' id='word_1_44' title='bbox 551 1734 585 1800; x_wconf 89' lang='lat' dir='ltr'>id</span> <span class='ocrx_word' id='word_1_45' title='bbox 608 1735 696 1820; x_wconf 91' lang='lat' dir='ltr'>quod</span> <span class='ocrx_word' id='word_1_46' title='bbox 718 1735 805 1820; x_wconf 82' lang='lat' dir='ltr'>velit,</span> <span class='ocrx_word' id='word_1_47' title='bbox 830 1734 983 1822; x_wconf 84' lang='lat' dir='ltr'>deleniat,</span> 
     </span>
     <span class='ocr_line' id='line_1_10' title="bbox 137 1840 1040 1924; baseline 0.004 -22"><span class='ocrx_word' id='word_1_48' title='bbox 137 1845 185 1904; x_wconf 78' lang='grc'>755</span> <span class='ocrx_word' id='word_1_49' title='bbox 227 1843 412 1923; x_wconf 88' lang='lat' dir='ltr'>corrumpat</span> <span class='ocrx_word' id='word_1_50' title='bbox 433 1858 579 1923; x_wconf 91' lang='lat' dir='ltr'>prorsum</span> <span class='ocrx_word' id='word_1_51' title='bbox 603 1857 642 1903; x_wconf 88' lang='grc'>55</span> <span class='ocrx_word' id='word_1_52' title='bbox 664 1859 780 1905; x_wconf 88' lang='lat' dir='ltr'>nervos</span> <span class='ocrx_word' id='word_1_53' title='bbox 803 1840 908 1905; x_wconf 90' lang='lat' dir='ltr'>omnis</span> <span class='ocrx_word' id='word_1_54' title='bbox 932 1841 1040 1924; x_wconf 82' lang='lat' dir='ltr'>eligat.</span> 
     </span>
    </p>
   </div>
   <div class='ocr_carea' id='block_1_6' title="bbox 118 2060 1342 3648">
    <p class='ocr_par' dir='ltr' id='par_1_7' title="bbox 120 2060 1337 2233">
     <span class='ocr_line' id='line_1_11' title="bbox 198 2060 1337 2140; baseline 0.005 -18"><span class='ocrx_word' id='word_1_55' title='bbox 198 2060 265 2123; x_wconf 96' lang='grc'><strong>757.</strong></span> <span class='ocrx_word' id='word_1_56' title='bbox 306 2062 423 2122; x_wconf 89' lang='lat' dir='ltr'>Nonius</span> <span class='ocrx_word' id='word_1_57' title='bbox 443 2081 473 2138; x_wconf 91' lang='lat' dir='ltr'>p.</span> <span class='ocrx_word' id='word_1_58' title='bbox 481 2062 546 2136; x_wconf 86' lang='grc'>234,</span> <span class='ocrx_word' id='word_1_59' title='bbox 558 2064 595 2120; x_wconf 88' lang='grc'>26</span> <span class='ocrx_word' id='word_1_60' title='bbox 617 2060 736 2137; x_wconf 83' lang='lat' dir='ltr'>“Aptus</span> <span class='ocrx_word' id='word_1_61' title='bbox 753 2060 901 2136; x_wconf 79' lang='lat' dir='ltr'>signifieat</span> <span class='ocrx_word' id='word_1_62' title='bbox 916 2062 1053 2140; x_wconf 75' lang='lat' dir='ltr'>adeptus,</span> <span class='ocrx_word' id='word_1_63' title='bbox 1075 2064 1267 2126; x_wconf 85' lang='lat' dir='ltr'>...Lucilius</span> <span class='ocrx_word' id='word_1_64' title='bbox 1285 2067 1337 2128; x_wconf 89' lang='lat' dir='ltr'>lib.</span> 
     </span>
     <span class='ocr_line' id='line_1_12' title="bbox 120 2155 572 2233; baseline 0 -19"><span class='ocrx_word' id='word_1_65' title='bbox 120 2175 232 2215; x_wconf 85' lang='lat' dir='ltr'>xxvrrn</span> <span class='ocrx_word' id='word_1_66' title='bbox 253 2157 296 2216; x_wconf 87' lang='lat' dir='ltr'>‘ut</span> <span class='ocrx_word' id='word_1_67' title='bbox 310 2202 316 2216; x_wconf 88' lang='lat'>.</span> <span class='ocrx_word' id='word_1_68' title='bbox 330 2202 337 2215; x_wconf 90' lang='lat'><strong>.</strong></span> <span class='ocrx_word' id='word_1_69' title='bbox 350 2203 356 2216; x_wconf 93' lang='lat'><strong>.</strong></span> <span class='ocrx_word' id='word_1_70' title='bbox 368 2174 428 2215; x_wconf 88' lang='lat' dir='ltr'>non</span> <span class='ocrx_word' id='word_1_71' title='bbox 449 2155 572 2233; x_wconf 82' lang='lat' dir='ltr'>optus&#39;.&#39;&#39;</span> 
     </span>
    </p>

    <p class='ocr_par' dir='ltr' id='par_1_8' title="bbox 121 2248 1338 2407">
     <span class='ocr_line' id='line_1_13' title="bbox 199 2248 1338 2328; baseline 0.004 -19"><span class='ocrx_word' id='word_1_72' title='bbox 199 2248 268 2310; x_wconf 87' lang='grc'><strong>758.</strong></span> <span class='ocrx_word' id='word_1_73' title='bbox 309 2250 426 2309; x_wconf 91' lang='lat' dir='ltr'>Nonius</span> <span class='ocrx_word' id='word_1_74' title='bbox 452 2269 481 2328; x_wconf 91' lang='lat' dir='ltr'>p.</span> <span class='ocrx_word' id='word_1_75' title='bbox 497 2249 579 2324; x_wconf 80' lang='grc'><strong>97,4</strong></span> <span class='ocrx_word' id='word_1_76' title='bbox 604 2248 751 2308; x_wconf 80' lang='grc'><strong>“])515115.</strong></span> <span class='ocrx_word' id='word_1_77' title='bbox 787 2248 922 2308; x_wconf 88' lang='lat' dir='ltr'>Lucilius</span> <span class='ocrx_word' id='word_1_78' title='bbox 947 2250 998 2310; x_wconf 91' lang='lat' dir='ltr'>lib.</span> <span class='ocrx_word' id='word_1_79' title='bbox 1014 2270 1124 2310; x_wconf 81' lang='lat' dir='ltr'>xxvrur</span> <span class='ocrx_word' id='word_1_80' title='bbox 1151 2252 1338 2314; x_wconf 82' lang='lat' dir='ltr'>‘deletionem</span> 
     </span>
     <span class='ocr_line' id='line_1_14' title="bbox 121 2345 368 2407; baseline -0.016 0"><span class='ocrx_word' id='word_1_81' title='bbox 121 2392 147 2407; x_wconf 92' lang='lat'>..</span> <span class='ocrx_word' id='word_1_82' title='bbox 161 2388 167 2404; x_wconf 88' lang='lat'>.</span> <span class='ocrx_word' id='word_1_83' title='bbox 180 2345 368 2405; x_wconf 85' lang='lat' dir='ltr'>exercitus&#39;.”</span> 
     </span>
    </p>

    <p class='ocr_par' dir='ltr' id='par_1_9' title="bbox 118 2437 1339 2798">
     <span class='ocr_line' id='line_1_15' title="bbox 197 2437 1339 2515; baseline 0 -16"><span class='ocrx_word' id='word_1_84' title='bbox 197 2437 266 2499; x_wconf 85' lang='grc'><strong>759.</strong></span> <span class='ocrx_word' id='word_1_85' title='bbox 306 2437 423 2497; x_wconf 90' lang='lat' dir='ltr'>Nonius</span> <span class='ocrx_word' id='word_1_86' title='bbox 436 2456 464 2515; x_wconf 93' lang='lat' dir='ltr'>p.</span> <span class='ocrx_word' id='word_1_87' title='bbox 473 2439 538 2512; x_wconf 83' lang='lat'>289,</span> <span class='ocrx_word' id='word_1_88' title='bbox 553 2441 567 2496; x_wconf 93' lang='grc'>1</span> <span class='ocrx_word' id='word_1_89' title='bbox 583 2437 739 2511; x_wconf 70' lang='lat' dir='ltr'>“Deioere</span> <span class='ocrx_word' id='word_1_90' title='bbox 752 2437 961 2514; x_wconf 82' lang='lat' dir='ltr'>praecipitere.</span> <span class='ocrx_word' id='word_1_91' title='bbox 1026 2440 1159 2500; x_wconf 87' lang='lat' dir='ltr'>Lucilius</span> <span class='ocrx_word' id='word_1_92' title='bbox 1170 2442 1339 2502; x_wconf 87' lang='lat' dir='ltr'>lib.xxv1111</span> 
     </span>
     <span class='ocr_line' id='line_1_16' title="bbox 121 2530 1138 2610; baseline 0.001 -18"><span class='ocrx_word' id='word_1_93' title='bbox 121 2535 316 2592; x_wconf 80' lang='lat' dir='ltr'>‘unruunsus</span> <span class='ocrx_word' id='word_1_94' title='bbox 338 2531 475 2609; x_wconf 72' lang='lat' dir='ltr'>(deuterus</span> <span class='ocrx_word' id='word_1_95' title='bbox 494 2533 564 2591; x_wconf 91' lang='lat' dir='ltr'>olim</span> <span class='ocrx_word' id='word_1_96' title='bbox 584 2530 733 2610; x_wconf 81' lang='lat' dir='ltr'>impressi)</span> <span class='ocrx_word' id='word_1_97' title='bbox 749 2577 754 2590; x_wconf 94' lang='lat'><em>.</em></span> <span class='ocrx_word' id='word_1_98' title='bbox 768 2549 999 2594; x_wconf 75' lang='lat' dir='ltr'>..emmennone</span> <span class='ocrx_word' id='word_1_99' title='bbox 1020 2533 1138 2594; x_wconf 82' lang='lat' dir='ltr'>itclia’.&#39;’</span> 
     </span>
     <span class='ocr_line' id='line_1_17' title="bbox 133 2624 1337 2705; baseline 0.002 -17"><span class='ocrx_word' id='word_1_100' title='bbox 133 2632 136 2638; x_wconf 87' lang='lat'>&#39;</span> <span class='ocrx_word' id='word_1_101' title='bbox 199 2627 268 2688; x_wconf 85' lang='grc'><strong>760.</strong></span> <span class='ocrx_word' id='word_1_102' title='bbox 309 2627 426 2687; x_wconf 90' lang='lat' dir='ltr'>Nonius</span> <span class='ocrx_word' id='word_1_103' title='bbox 448 2645 477 2703; x_wconf 90' lang='lat' dir='ltr'>p.</span> <span class='ocrx_word' id='word_1_104' title='bbox 492 2624 558 2701; x_wconf 87' lang='grc'><strong>317,</strong></span> <span class='ocrx_word' id='word_1_105' title='bbox 575 2626 610 2685; x_wconf 93' lang='grc'>27</span> <span class='ocrx_word' id='word_1_106' title='bbox 634 2625 792 2698; x_wconf 85' lang='lat' dir='ltr'>“Habere‚</span> <span class='ocrx_word' id='word_1_107' title='bbox 818 2632 936 2700; x_wconf 89' lang='lat' dir='ltr'>tenere,</span> <span class='ocrx_word' id='word_1_108' title='bbox 962 2643 1119 2705; x_wconf 82' lang='lat' dir='ltr'>occupare.</span> <span class='ocrx_word' id='word_1_109' title='bbox 1141 2629 1337 2690; x_wconf 87' lang='lat' dir='ltr'>...Lucilius</span> 
     </span>
     <span class='ocr_line' id='line_1_18' title="bbox 118 2719 629 2798; baseline -0.004 -18"><span class='ocrx_word' id='word_1_110' title='bbox 118 2723 172 2783; x_wconf 90' lang='lat' dir='ltr'>lib.</span> <span class='ocrx_word' id='word_1_111' title='bbox 188 2740 302 2779; x_wconf 86' lang='lat' dir='ltr'>xxvrrn</span> <span class='ocrx_word' id='word_1_112' title='bbox 324 2719 391 2779; x_wconf 87' lang='lat' dir='ltr'>‘hoo</span> <span class='ocrx_word' id='word_1_113' title='bbox 405 2768 411 2780; x_wconf 87' lang='lat'><strong>.</strong></span> <span class='ocrx_word' id='word_1_114' title='bbox 426 2766 432 2780; x_wconf 89' lang='lat'>.</span> <span class='ocrx_word' id='word_1_115' title='bbox 445 2767 452 2780; x_wconf 88' lang='lat'><strong>.</strong></span> <span class='ocrx_word' id='word_1_116' title='bbox 464 2721 629 2798; x_wconf 84' lang='lat' dir='ltr'>apulicm&#39;.’&#39;</span> 
     </span>
    </p>

    <p class='ocr_par' dir='ltr' id='par_1_10' title="bbox 122 2812 1339 2986">
     <span class='ocr_line' id='line_1_19' title="bbox 201 2812 1339 2892; baseline 0.001 -17"><span class='ocrx_word' id='word_1_117' title='bbox 201 2815 268 2875; x_wconf 89' lang='grc'><strong>761.</strong></span> <span class='ocrx_word' id='word_1_118' title='bbox 309 2815 426 2874; x_wconf 89' lang='lat' dir='ltr'>Nonius</span> <span class='ocrx_word' id='word_1_119' title='bbox 446 2833 476 2891; x_wconf 88' lang='lat' dir='ltr'>p.</span> <span class='ocrx_word' id='word_1_120' title='bbox 492 2815 591 2890; x_wconf 88' lang='grc'>240,8</span> <span class='ocrx_word' id='word_1_121' title='bbox 612 2813 794 2891; x_wconf 78' lang='lat' dir='ltr'>“Accipere‚</span> <span class='ocrx_word' id='word_1_122' title='bbox 822 2814 969 2892; x_wconf 87' lang='lat' dir='ltr'>decipere.</span> <span class='ocrx_word' id='word_1_123' title='bbox 1004 2812 1140 2876; x_wconf 89' lang='lat' dir='ltr'>Lucilius</span> <span class='ocrx_word' id='word_1_124' title='bbox 1161 2818 1213 2878; x_wconf 90' lang='lat' dir='ltr'>lib.</span> <span class='ocrx_word' id='word_1_125' title='bbox 1229 2836 1339 2878; x_wconf 86' lang='lat' dir='ltr'>xxvrru</span> 
     </span>
     <span class='ocr_line' id='line_1_20' title="bbox 122 2909 768 2986; baseline -0.005 -16"><span class='ocrx_word' id='word_1_126' title='bbox 122 2910 174 2970; x_wconf 82' lang='lat' dir='ltr'>‘sio</span> <span class='ocrx_word' id='word_1_127' title='bbox 191 2957 197 2970; x_wconf 94' lang='lat'><strong>.</strong></span> <span class='ocrx_word' id='word_1_128' title='bbox 211 2956 218 2969; x_wconf 93' lang='lat'><strong>.</strong></span> <span class='ocrx_word' id='word_1_129' title='bbox 231 2956 238 2969; x_wconf 93' lang='lat'><strong>.</strong></span> <span class='ocrx_word' id='word_1_130' title='bbox 252 2928 351 2968; x_wconf 74' lang='lat' dir='ltr'>rusum</span> <span class='ocrx_word' id='word_1_131' title='bbox 372 2910 503 2968; x_wconf 84' lang='lat' dir='ltr'>vetulum</span> <span class='ocrx_word' id='word_1_132' title='bbox 518 2954 525 2968; x_wconf 92' lang='lat'><strong>.</strong></span> <span class='ocrx_word' id='word_1_133' title='bbox 538 2954 544 2967; x_wconf 93' lang='lat'><strong><em>.</em></strong></span> <span class='ocrx_word' id='word_1_134' title='bbox 558 2954 564 2968; x_wconf 92' lang='lat'><strong>.</strong></span> <span class='ocrx_word' id='word_1_135' title='bbox 578 2909 768 2986; x_wconf 85' lang='lat' dir='ltr'>aoceptnm&#39;.”</span> 
     </span>
    </p>

    <p class='ocr_par' dir='ltr' id='par_1_11' title="bbox 122 3002 1339 3173">
     <span class='ocr_line' id='line_1_21' title="bbox 202 3002 1339 3081; baseline 0 -17"><span class='ocrx_word' id='word_1_136' title='bbox 202 3003 269 3064; x_wconf 88' lang='grc'><strong>763.</strong></span> <span class='ocrx_word' id='word_1_137' title='bbox 310 3002 428 3061; x_wconf 87' lang='lat' dir='ltr'>Nonius</span> <span class='ocrx_word' id='word_1_138' title='bbox 449 3022 478 3078; x_wconf 90' lang='lat' dir='ltr'>p.</span> <span class='ocrx_word' id='word_1_139' title='bbox 494 3004 610 3075; x_wconf 81' lang='lat'><strong>252,13</strong></span> <span class='ocrx_word' id='word_1_140' title='bbox 632 3003 796 3081; x_wconf 77' lang='lat' dir='ltr'>“Carpere,</span> <span class='ocrx_word' id='word_1_141' title='bbox 823 3003 960 3063; x_wconf 84' lang='lat' dir='ltr'>celeriter</span> <span class='ocrx_word' id='word_1_142' title='bbox 979 3005 1150 3080; x_wconf 87' lang='lat' dir='ltr'>praeterire.</span> <span class='ocrx_word' id='word_1_143' title='bbox 1177 3049 1227 3064; x_wconf 87' lang='lat'>...</span> <span class='ocrx_word' id='word_1_144' title='bbox 1249 3006 1339 3065; x_wconf 90' lang='lat' dir='ltr'>Luci·</span> 
     </span>
     <span class='ocr_line' id='line_1_22' title="bbox 122 3096 769 3173; baseline -0.002 -16"><span class='ocrx_word' id='word_1_145' title='bbox 122 3099 181 3158; x_wconf 88' lang='lat' dir='ltr'>lius</span> <span class='ocrx_word' id='word_1_146' title='bbox 203 3098 255 3156; x_wconf 90' lang='lat' dir='ltr'>lib.</span> <span class='ocrx_word' id='word_1_147' title='bbox 272 3115 383 3156; x_wconf 85' lang='lat' dir='ltr'>xxvrur</span> <span class='ocrx_word' id='word_1_148' title='bbox 405 3096 538 3156; x_wconf 87' lang='lat' dir='ltr'>‘hiemem</span> <span class='ocrx_word' id='word_1_149' title='bbox 555 3097 769 3173; x_wconf 85' lang='lat' dir='ltr'>...carpam&#39;.”</span> 
     </span>
    </p>

    <p class='ocr_par' dir='ltr' id='par_1_12' title="bbox 122 3185 1342 3648">
     <span class='ocr_line' id='line_1_23' title="bbox 202 3185 1340 3267; baseline 0.001 -17"><span class='ocrx_word' id='word_1_150' title='bbox 202 3190 270 3250; x_wconf 87' lang='grc'><strong>764.</strong></span> <span class='ocrx_word' id='word_1_151' title='bbox 311 3191 428 3250; x_wconf 88' lang='lat' dir='ltr'>Nonius</span> <span class='ocrx_word' id='word_1_152' title='bbox 450 3189 556 3267; x_wconf 71' lang='lat' dir='ltr'>puts,</span> <span class='ocrx_word' id='word_1_153' title='bbox 571 3193 605 3249; x_wconf 90' lang='grc'>10</span> <span class='ocrx_word' id='word_1_154' title='bbox 627 3189 803 3249; x_wconf 87' lang='lat' dir='ltr'>“Delenitus</span> <span class='ocrx_word' id='word_1_155' title='bbox 825 3185 872 3249; x_wconf 90' lang='lat' dir='ltr'>est</span> <span class='ocrx_word' id='word_1_156' title='bbox 892 3194 990 3249; x_wconf 90' lang='lat' dir='ltr'>mente</span> <span class='ocrx_word' id='word_1_157' title='bbox 1007 3192 1164 3252; x_wconf 83' lang='lat' dir='ltr'>alienatus.</span> <span class='ocrx_word' id='word_1_158' title='bbox 1251 3193 1340 3252; x_wconf 87' lang='lat' dir='ltr'>Luci·</span> 
     </span>
     <span class='ocr_line' id='line_1_24' title="bbox 122 3277 1227 3363; baseline -0.002 -16"><span class='ocrx_word' id='word_1_159' title='bbox 122 3288 181 3347; x_wconf 88' lang='lat' dir='ltr'>lius</span> <span class='ocrx_word' id='word_1_160' title='bbox 202 3286 254 3344; x_wconf 91' lang='lat' dir='ltr'>lib.</span> <span class='ocrx_word' id='word_1_161' title='bbox 271 3297 376 3338; x_wconf 71' lang='lat' dir='ltr'><strong><em>XXVIII</em></strong></span> <span class='ocrx_word' id='word_1_162' title='bbox 394 3283 553 3344; x_wconf 78' lang='lat' dir='ltr'>‘concedat</span> <span class='ocrx_word' id='word_1_163' title='bbox 566 3328 573 3342; x_wconf 90' lang='lat'><strong>.</strong></span> <span class='ocrx_word' id='word_1_164' title='bbox 586 3329 592 3342; x_wconf 95' lang='lat'><strong><em>.</em></strong></span> <span class='ocrx_word' id='word_1_165' title='bbox 605 3327 611 3342; x_wconf 92' lang='lat'><strong>.</strong></span> <span class='ocrx_word' id='word_1_166' title='bbox 624 3283 704 3360; x_wconf 90' lang='lat' dir='ltr'>quod</span> <span class='ocrx_word' id='word_1_167' title='bbox 724 3285 784 3341; x_wconf 83' lang='lat' dir='ltr'>uult</span> <span class='ocrx_word' id='word_1_168' title='bbox 799 3277 971 3358; x_wconf 76' lang='lat' dir='ltr'>...prorsus</span> <span class='ocrx_word' id='word_1_169' title='bbox 992 3303 1027 3344; x_wconf 87' lang='grc'>55</span> <span class='ocrx_word' id='word_1_170' title='bbox 1041 3331 1048 3344; x_wconf 96' lang='grc'><strong>.</strong></span> <span class='ocrx_word' id='word_1_171' title='bbox 1060 3331 1085 3345; x_wconf 96' lang='grc'>..</span> <span class='ocrx_word' id='word_1_172' title='bbox 1101 3286 1227 3363; x_wconf 82' lang='lat' dir='ltr'>eligat’.&#39;&#39;</span> 
     </span>
     <span class='ocr_line' id='line_1_25' title="bbox 123 3375 1340 3456; baseline 0 -17"><span class='ocrx_word' id='word_1_173' title='bbox 123 3381 212 3440; x_wconf 89' lang='lat' dir='ltr'>Idem</span> <span class='ocrx_word' id='word_1_174' title='bbox 238 3398 269 3456; x_wconf 90' lang='lat' dir='ltr'>p.</span> <span class='ocrx_word' id='word_1_175' title='bbox 283 3381 350 3455; x_wconf 85' lang='grc'>269,</span> <span class='ocrx_word' id='word_1_176' title='bbox 366 3381 403 3437; x_wconf 86' lang='grc'>29</span> <span class='ocrx_word' id='word_1_177' title='bbox 431 3377 448 3402; x_wconf 84' lang='lat'><strong><em>“</em></strong></span> <span class='ocrx_word' id='word_1_178' title='bbox 458 3375 646 3451; x_wconf 79' lang='lat' dir='ltr'>Consedere,</span> <span class='ocrx_word' id='word_1_179' title='bbox 674 3376 746 3436; x_wconf 84' lang='lat' dir='ltr'>dare</span> <span class='ocrx_word' id='word_1_180' title='bbox 773 3377 820 3434; x_wconf 86' lang='lat' dir='ltr'>vel</span> <span class='ocrx_word' id='word_1_181' title='bbox 846 3377 1025 3452; x_wconf 87' lang='lat' dir='ltr'>permittere.</span> <span class='ocrx_word' id='word_1_182' title='bbox 1127 3379 1263 3439; x_wconf 79' lang='lat' dir='ltr'>Lucilius</span> <span class='ocrx_word' id='word_1_183' title='bbox 1290 3379 1340 3440; x_wconf 88' lang='lat' dir='ltr'>lib.</span> 
     </span>
     <span class='ocr_line' id='line_1_26' title="bbox 123 3468 1342 3549; baseline -0.002 -16"><span class='ocrx_word' id='word_1_184' title='bbox 123 3493 235 3533; x_wconf 86' lang='lat' dir='ltr'>xxvnu</span> <span class='ocrx_word' id='word_1_185' title='bbox 258 3473 419 3533; x_wconf 81' lang='lat' dir='ltr'>‘concedet</span> <span class='ocrx_word' id='word_1_186' title='bbox 435 3517 441 3531; x_wconf 91' lang='lat'><strong>.</strong></span> <span class='ocrx_word' id='word_1_187' title='bbox 457 3517 463 3530; x_wconf 94' lang='lat'><strong><em>.</em></strong></span> <span class='ocrx_word' id='word_1_188' title='bbox 479 3517 486 3530; x_wconf 90' lang='lat'><strong>.</strong></span> <span class='ocrx_word' id='word_1_189' title='bbox 502 3469 668 3530; x_wconf 85' lang='lat' dir='ltr'>deleniat’.’&#39;</span> <span class='ocrx_word' id='word_1_190' title='bbox 766 3468 853 3528; x_wconf 89' lang='lat' dir='ltr'>Idem</span> <span class='ocrx_word' id='word_1_191' title='bbox 872 3487 902 3545; x_wconf 93' lang='lat' dir='ltr'>p.</span> <span class='ocrx_word' id='word_1_192' title='bbox 918 3471 985 3543; x_wconf 84' lang='lat'>301,</span> <span class='ocrx_word' id='word_1_193' title='bbox 1002 3472 1036 3529; x_wconf 92' lang='grc'>10</span> <span class='ocrx_word' id='word_1_194' title='bbox 1059 3471 1214 3549; x_wconf 82' lang='lat' dir='ltr'>“Eligere‚</span> <span class='ocrx_word' id='word_1_195' title='bbox 1237 3473 1342 3533; x_wconf 84' lang='lat' dir='ltr'>defati-</span> 
     </span>
     <span class='ocr_line' id='line_1_27' title="bbox 123 3562 1167 3648; baseline -0.006 -18"><span class='ocrx_word' id='word_1_196' title='bbox 123 3587 208 3648; x_wconf 58' lang='grc'><strong>5515.</strong></span> <span class='ocrx_word' id='word_1_197' title='bbox 242 3567 378 3627; x_wconf 90' lang='lat' dir='ltr'>Lucilius</span> <span class='ocrx_word' id='word_1_198' title='bbox 398 3566 449 3624; x_wconf 92' lang='lat' dir='ltr'>lib.</span> <span class='ocrx_word' id='word_1_199' title='bbox 464 3583 573 3622; x_wconf 86' lang='lat' dir='ltr'>xxvrnr</span> <span class='ocrx_word' id='word_1_200' title='bbox 594 3562 774 3640; x_wconf 85' lang='lat' dir='ltr'>‘corrumpat</span> <span class='ocrx_word' id='word_1_201' title='bbox 788 3581 915 3638; x_wconf 68' lang='lat' dir='ltr'>prorsum.</span> <span class='ocrx_word' id='word_1_202' title='bbox 927 3565 967 3620; x_wconf 84' lang='lat' dir='ltr'>ad</span> <span class='ocrx_word' id='word_1_203' title='bbox 980 3608 986 3621; x_wconf 91' lang='lat'><strong>.</strong></span> <span class='ocrx_word' id='word_1_204' title='bbox 1000 3608 1006 3622; x_wconf 88' lang='lat'>.</span> <span class='ocrx_word' id='word_1_205' title='bbox 1019 3608 1026 3623; x_wconf 87' lang='lat'><strong>.</strong></span> <span class='ocrx_word' id='word_1_206' title='bbox 1039 3565 1167 3641; x_wconf 79' lang='lat' dir='ltr'>eligat&#39;.&#39;&#39;</span> 
     </span>
    </p>
   </div>
   <div class='ocr_carea' id='block_1_7' title="bbox 126 3707 331 3718">
    <p class='ocr_par' dir='ltr' id='par_1_13' title="bbox 126 3707 331 3718">
     <span class='ocr_line' id='line_1_28' title="bbox 126 3707 331 3718; baseline -0.01 0"><span class='ocrx_word' id='word_1_207' title='bbox 126 3707 331 3718; x_wconf 81' lang='grc'>--.---</span> 
     </span>
    </p>
   </div>
   <div class='ocr_carea' id='block_1_8' title="bbox 11 3771 1352 4467">
    <p class='ocr_par' dir='ltr' id='par_1_14' title="bbox 11 3771 1352 4396">
     <span class='ocr_line' id='line_1_29' title="bbox 205 3771 1345 3854; baseline -0.012 -14"><span class='ocrx_word' id='word_1_208' title='bbox 205 3781 272 3840; x_wconf 87' lang='grc'><strong>757.</strong></span> <span class='ocrx_word' id='word_1_209' title='bbox 308 3781 387 3854; x_wconf 81' lang='lat' dir='ltr'>soret</span> <span class='ocrx_word' id='word_1_210' title='bbox 406 3771 523 3836; x_wconf 82' lang='lat' dir='ltr'>eddidit</span> <span class='ocrx_word' id='word_1_211' title='bbox 535 3777 627 3834; x_wconf 86' lang='lat' dir='ltr'>Ianus</span> <span class='ocrx_word' id='word_1_212' title='bbox 641 3775 755 3836; x_wconf 83' lang='lat' dir='ltr'>Dousa.</span> <span class='ocrx_word' id='word_1_213' title='bbox 835 3774 950 3834; x_wconf 83' lang='lat' dir='ltr'>Gellius</span> <span class='ocrx_word' id='word_1_214' title='bbox 971 3774 1112 3850; x_wconf 74' lang='lat' dir='ltr'>librom,</span> <span class='ocrx_word' id='word_1_215' title='bbox 1127 3779 1145 3838; x_wconf 89' lang='lat'><strong>3</strong></span> <span class='ocrx_word' id='word_1_216' title='bbox 1166 3795 1203 3841; x_wconf 70' lang='lat' dir='ltr'>ex</span> <span class='ocrx_word' id='word_1_217' title='bbox 1217 3777 1345 3854; x_wconf 65' lang='lat' dir='ltr'>epistula</span> 
     </span>
     <span class='ocr_line' id='line_1_30' title="bbox 126 3850 1352 3930; baseline -0.006 -12"><span class='ocrx_word' id='word_1_218' title='bbox 126 3859 251 3918; x_wconf 87' lang='lat' dir='ltr'>Tironis</span> <span class='ocrx_word' id='word_1_219' title='bbox 274 3855 403 3926; x_wconf 78' lang='lat' dir='ltr'>“Recte,</span> <span class='ocrx_word' id='word_1_220' title='bbox 425 3854 521 3930; x_wconf 89' lang='lat' dir='ltr'>inquit</span> <span class='ocrx_word' id='word_1_221' title='bbox 537 3851 644 3929; x_wconf 79' lang='lat' dir='ltr'>(Tiro),</span> <span class='ocrx_word' id='word_1_222' title='bbox 665 3852 721 3910; x_wconf 92' lang='lat' dir='ltr'>hoc</span> <span class='ocrx_word' id='word_1_223' title='bbox 743 3852 815 3910; x_wconf 88' lang='lat' dir='ltr'>vitio</span> <span class='ocrx_word' id='word_1_224' title='bbox 831 3852 883 3910; x_wconf 84' lang='lat' dir='ltr'>dat</span> <span class='ocrx_word' id='word_1_225' title='bbox 897 3850 1032 3910; x_wconf 90' lang='lat' dir='ltr'>Lucilius</span> <span class='ocrx_word' id='word_1_226' title='bbox 1049 3861 1156 3928; x_wconf 87' lang='lat' dir='ltr'>poetae</span> <span class='ocrx_word' id='word_1_227' title='bbox 1171 3854 1352 3930; x_wconf 32' lang='lat' dir='ltr'>Euripidae-,-</span> 
     </span>
     <span class='ocr_line' id='line_1_31' title="bbox 11 3928 1343 4013; baseline -0.005 -18"><span class='ocrx_word' id='word_1_228' title='bbox 11 3973 12 4006; x_wconf 32' lang='lat' dir='ltr'>p</span> <span class='ocrx_word' id='word_1_229' title='bbox 125 3935 222 4013; x_wconf 88' lang='lat' dir='ltr'>quod,</span> <span class='ocrx_word' id='word_1_230' title='bbox 244 3951 310 3992; x_wconf 90' lang='lat' dir='ltr'>oum</span> <span class='ocrx_word' id='word_1_231' title='bbox 331 3931 538 4007; x_wconf 84' lang='lat' dir='ltr'>Polyphontes</span> <span class='ocrx_word' id='word_1_232' title='bbox 559 3947 612 3988; x_wconf 88' lang='lat' dir='ltr'>rex</span> <span class='ocrx_word' id='word_1_233' title='bbox 638 3935 799 4005; x_wconf 80' lang='lat' dir='ltr'>propterea</span> <span class='ocrx_word' id='word_1_234' title='bbox 821 3947 852 3988; x_wconf 92' lang='lat' dir='ltr'>se</span> <span class='ocrx_word' id='word_1_235' title='bbox 873 3928 1058 3987; x_wconf 83' lang='lat' dir='ltr'>interfecisse</span> <span class='ocrx_word' id='word_1_236' title='bbox 1079 3930 1199 3989; x_wconf 83' lang='lat' dir='ltr'>fratrem</span> <span class='ocrx_word' id='word_1_237' title='bbox 1221 3931 1343 4006; x_wconf 85' lang='lat' dir='ltr'>diceret,</span> 
     </span>
     <span class='ocr_line' id='line_1_32' title="bbox 126 4005 1346 4090; baseline -0.003 -20"><span class='ocrx_word' id='word_1_238' title='bbox 126 4012 209 4090; x_wconf 90' lang='lat' dir='ltr'>qnod</span> <span class='ocrx_word' id='word_1_239' title='bbox 230 4011 297 4087; x_wconf 89' lang='lat' dir='ltr'>ipse</span> <span class='ocrx_word' id='word_1_240' title='bbox 324 4014 395 4069; x_wconf 84' lang='lat' dir='ltr'>ante</span> <span class='ocrx_word' id='word_1_241' title='bbox 416 4007 572 4067; x_wconf 88' lang='lat' dir='ltr'>eonsilium</span> <span class='ocrx_word' id='word_1_242' title='bbox 599 4005 635 4063; x_wconf 93' lang='lat' dir='ltr'>de</span> <span class='ocrx_word' id='word_1_243' title='bbox 657 4023 729 4064; x_wconf 90' lang='lat' dir='ltr'>nece</span> <span class='ocrx_word' id='word_1_244' title='bbox 757 4006 820 4063; x_wconf 91' lang='lat' dir='ltr'>eius</span> <span class='ocrx_word' id='word_1_245' title='bbox 843 4005 980 4080; x_wconf 87' lang='lat' dir='ltr'>cepisset,</span> <span class='ocrx_word' id='word_1_246' title='bbox 1001 4006 1124 4082; x_wconf 89' lang='lat' dir='ltr'>Merope</span> <span class='ocrx_word' id='word_1_247' title='bbox 1150 4009 1249 4066; x_wconf 88' lang='lat' dir='ltr'>fratris</span> <span class='ocrx_word' id='word_1_248' title='bbox 1270 4025 1346 4066; x_wconf 87' lang='lat' dir='ltr'>uxor</span> 
     </span>
     <span class='ocr_line' id='line_1_33' title="bbox 125 4075 1343 4160; baseline -0.008 -12"><span class='ocrx_word' id='word_1_249' title='bbox 125 4090 209 4148; x_wconf 86' lang='grc'><strong>111555</strong></span> <span class='ocrx_word' id='word_1_250' title='bbox 231 4106 298 4146; x_wconf 88' lang='lat' dir='ltr'>eum</span> <span class='ocrx_word' id='word_1_251' title='bbox 318 4086 418 4146; x_wconf 79' lang='lat' dir='ltr'>uerbis</span> <span class='ocrx_word' id='word_1_252' title='bbox 440 4083 575 4142; x_wconf 86' lang='lat' dir='ltr'>eluserit:</span> <span class='ocrx_word' id='word_1_253' title='bbox 600 4079 626 4140; x_wconf 77' lang='grc'>51</span> <span class='ocrx_word' id='word_1_254' title='bbox 637 4076 697 4158; x_wconf 76' lang='grc' dir='ltr'>γάρ</span> <span class='ocrx_word' id='word_1_255' title='bbox 712 4075 738 4140; x_wconf 83' lang='lat' dir='ltr'>o&#39;</span> <span class='ocrx_word' id='word_1_256' title='bbox 755 4077 884 4155; x_wconf 66' lang='grc' dir='ltr'>ἔμελλεν,</span> <span class='ocrx_word' id='word_1_257' title='bbox 906 4075 947 4147; x_wconf 81' lang='grc' dir='ltr'>ὡς</span> <span class='ocrx_word' id='word_1_258' title='bbox 961 4077 999 4137; x_wconf 79' lang='grc' dir='ltr'>σὺ</span> <span class='ocrx_word' id='word_1_259' title='bbox 1014 4076 1085 4160; x_wconf 73' lang='grc' dir='ltr'>φῄς,</span> <span class='ocrx_word' id='word_1_260' title='bbox 1106 4082 1231 4141; x_wconf 74' lang='grc' dir='ltr'>κτείνειν</span> <span class='ocrx_word' id='word_1_261' title='bbox 1245 4078 1343 4152; x_wconf 80' lang='grc' dir='ltr'><strong><em>πόσις,</em></strong></span> 
     </span>
     <span class='ocr_line' id='line_1_34' title="bbox 126 4151 1344 4240; baseline -0.007 -17"><span class='ocrx_word' id='word_1_262' title='bbox 126 4163 201 4240; x_wconf 83' lang='grc' dir='ltr'>Χρὴ</span> <span class='ocrx_word' id='word_1_263' title='bbox 224 4163 276 4223; x_wconf 77' lang='grc' dir='ltr'>καὶ</span> <span class='ocrx_word' id='word_1_264' title='bbox 293 4161 328 4222; x_wconf 73' lang='grc' dir='ltr'>σὲ</span> <span class='ocrx_word' id='word_1_265' title='bbox 347 4160 476 4236; x_wconf 78' lang='grc' dir='ltr'>μέλλειν,</span> <span class='ocrx_word' id='word_1_266' title='bbox 498 4155 539 4227; x_wconf 80' lang='grc' dir='ltr'>ὡς</span> <span class='ocrx_word' id='word_1_267' title='bbox 556 4152 668 4234; x_wconf 79' lang='grc' dir='ltr'><strong><em>χρόνος</em></strong></span> <span class='ocrx_word' id='word_1_268' title='bbox 681 4151 869 4233; x_wconf 75' lang='grc' dir='ltr'><strong>παρήλυθεν.</strong></span> <span class='ocrx_word' id='word_1_269' title='bbox 901 4162 933 4216; x_wconf 84' lang='lat' dir='ltr'>at</span> <span class='ocrx_word' id='word_1_270' title='bbox 952 4155 1110 4232; x_wconf 84' lang='grc'><strong>1105551111,</strong></span> <span class='ocrx_word' id='word_1_271' title='bbox 1130 4159 1234 4235; x_wconf 85' lang='lat' dir='ltr'>inquit,</span> <span class='ocrx_word' id='word_1_272' title='bbox 1256 4161 1344 4236; x_wconf 83' lang='lat' dir='ltr'>plane</span> 
     </span>
     <span class='ocr_line' id='line_1_35' title="bbox 129 4233 1347 4316; baseline -0.005 -14"><span class='ocrx_word' id='word_1_273' title='bbox 129 4243 273 4302; x_wconf 79' lang='lat' dir='ltr'>stultitiae</span> <span class='ocrx_word' id='word_1_274' title='bbox 295 4240 415 4316; x_wconf 92' lang='lat' dir='ltr'>plenum</span> <span class='ocrx_word' id='word_1_275' title='bbox 437 4245 492 4312; x_wconf 85' lang='lat' dir='ltr'>est,</span> <span class='ocrx_word' id='word_1_276' title='bbox 514 4254 549 4295; x_wconf 94' lang='lat' dir='ltr'>eo</span> <span class='ocrx_word' id='word_1_277' title='bbox 570 4235 694 4294; x_wconf 90' lang='lat' dir='ltr'>consilio</span> <span class='ocrx_word' id='word_1_278' title='bbox 714 4242 803 4310; x_wconf 83' lang='lat' dir='ltr'>atque</span> <span class='ocrx_word' id='word_1_279' title='bbox 825 4233 930 4292; x_wconf 88' lang='grc'><strong>551151</strong></span> <span class='ocrx_word' id='word_1_280' title='bbox 951 4234 1049 4291; x_wconf 85' lang='lat' dir='ltr'>locere</span> <span class='ocrx_word' id='word_1_281' title='bbox 1063 4236 1141 4292; x_wconf 87' lang='lat' dir='ltr'>velle</span> <span class='ocrx_word' id='word_1_282' title='bbox 1159 4237 1282 4314; x_wconf 87' lang='lat' dir='ltr'>aliquid,</span> <span class='ocrx_word' id='word_1_283' title='bbox 1303 4239 1347 4296; x_wconf 90' lang='lat' dir='ltr'>uti</span> 
     </span>
     <span class='ocr_line' id='line_1_36' title="bbox 129 4311 693 4396; baseline -0.014 -18"><span class='ocrx_word' id='word_1_284' title='bbox 129 4337 292 4396; x_wconf 84' lang='lat' dir='ltr'>numquam</span> <span class='ocrx_word' id='word_1_285' title='bbox 313 4317 345 4375; x_wconf 89' lang='lat' dir='ltr'>id</span> <span class='ocrx_word' id='word_1_286' title='bbox 365 4315 470 4389; x_wconf 85' lang='lat' dir='ltr'>facias,</span> <span class='ocrx_word' id='word_1_287' title='bbox 492 4311 572 4390; x_wconf 90' lang='lat' dir='ltr'>quod</span> <span class='ocrx_word' id='word_1_288' title='bbox 593 4312 693 4370; x_wconf 86' lang='lat' dir='ltr'>velis.&#39;&#39;</span> 
     </span>
    </p>

    <p class='ocr_par' dir='ltr' id='par_1_15' title="bbox 212 4389 625 4467">
     <span class='ocr_line' id='line_1_37' title="bbox 212 4389 625 4467; baseline -0.019 -12"><span class='ocrx_word' id='word_1_289' title='bbox 212 4398 279 4455; x_wconf 85' lang='grc'><strong>759.</strong></span> <span class='ocrx_word' id='word_1_290' title='bbox 322 4395 492 4467; x_wconf 77' lang='lat' dir='ltr'>deiectusque</span> <span class='ocrx_word' id='word_1_291' title='bbox 512 4389 625 4448; x_wconf 90' lang='lat' dir='ltr'>Iunius.</span> 
     </span>
    </p>
   </div>
   <div class='ocr_carea' id='block_1_9' title="bbox 1101 4479 1146 4545">
    <p class='ocr_par' dir='ltr' id='par_1_16' title="bbox 1101 4479 1146 4545">
     <span class='ocr_line' id='line_1_38' title="bbox 1101 4479 1146 4545; baseline 0 -23"><span class='ocrx_word' id='word_1_292' title='bbox 1101 4479 1146 4545; x_wconf 74' lang='grc'>6*</span> 
     </span>
    </p>
   </div>
   <div class='ocr_carea' id='block_1_10' title="bbox 1300 4754 1637 4911">
    <p class='ocr_par' dir='ltr' id='par_1_17' title="bbox 1300 4754 1637 4911">
     <span class='ocr_line' id='line_1_39' title="bbox 1300 4754 1637 4911; baseline 0 0"><span class='ocrx_word' id='word_1_293' title='bbox 1300 4754 1565 4911; x_wconf 37' lang='grc' dir='ltr'>ἦ,</span> <span class='ocrx_word' id='word_1_294' title='bbox 1636 4823 1637 4911; x_wconf 83' lang='grc'>1</span> 
     </span>
    </p>
   </div>
   <div class='ocr_carea' id='block_1_11' title="bbox 0 0 1659 5170">
    <p class='ocr_par' dir='ltr' id='par_1_18' title="bbox 0 0 1659 5170">
     <span class='ocr_line' id='line_1_40' title="bbox 0 0 1659 5170; baseline 0 0"><span class='ocrx_word' id='word_1_295' title='bbox 0 0 1659 5170; x_wconf 95' lang='lat' dir='ltr'> </span> 
     </span>
    </p>
   </div>
  </div>
 </body>
</html>
