3300 5166
720 393 749 443 11

244 563 361 648 quite,
385 563 595 648 Nomentum,
619 564 738 659 malum
761 561 825 627 iam
849 559 980 648 [cetera]
1004 559 1128 646 perdat.

171 737 204 798 'lt
610 743 695 807 quae
717 722 804 789 horis
827 682 955 792 sublata
978 722 1104 789 duabus

244 827 353 925 omnia
375 829 539 924 suntsole
563 845 677 894 occaso
702 823 884 914 [ductoque]

243 991 474 1056 succussatoris
498 990 593 1056 taetri
615 987 764 1074 tardique
787 989 904 1056 caballi

243 1151 342 1219 vivite
364 1153 522 1244 lurcones,
546 1149 739 1218 comedones
763 1152 872 1238 vivite,
896 1156 1034 1218 ventres.

653 1419 657 1432 .
713 1339 776 1422 III

689 1525 787 1608 longe
809 1525 872 1592 tria
895 1525 985 1592 milia
1007 1546 1141 1611 passum

214 1691 259 1747 69.
299 1689 438 1748 Donatus
468 1687 506 1746 ad
534 1688 667 1747 Terentii
696 1686 902 1746 Phormionem
929 1692 992 1760 1,2
1017 1708 1046 1766 p.
1060 1691 1118 1747 440
1154 1689 1233 1764 “Qui
1259 1689 1348 1749 illum.

139 1782 198 1856 Qui
219 1783 330 1843 utinam
351 1789 406 1856 est,
426 1789 458 1839 nt
475 1784 609 1842 Lucilius
625 1783 654 1840 ln
670 1782 800 1840 secundo
822 1782 882 1858 ‘qni
903 1791 931 1841 te
951 1794 1121 1843 occaecatum
1207 1783 1350 1860 perdat'.’'

215 1874 261 1937 70.
307 1877 478 1936 Priscianus
505 1897 534 1953 p.
551 1879 607 1937 869
634 1876 784 1949 “Occido‚
811 1894 951 1949 occasus,
976 1871 991 1935 d
1019 1873 1122 1946 δύνας,
1218 1877 1351 1937 Lucilius

135 1972 164 2029 in
186 1991 208 2028 11
231 1971 315 2048 ‘qnae
404 1957 588 2049 ductoque?

213 2066 258 2126 72.
299 2064 415 2124 Nonius
436 2085 464 2142 p.
482 2068 527 2139 16,
543 2066 579 2124 29
601 2063 805 2124 “Scotussare
827 2071 873 2125 est
893 2083 993 2124 susum
1014 2066 1183 2143 frequenter
1203 2073 1350 2126 excutere.

133 2160 248 2220 Accius
269 2159 419 2219 Filocteta
440 2158 530 2234 ‘agite
552 2177 604 2232 ac,
629 2162 734 2219 vulnus
757 2178 792 2218 ne
814 2153 968 2219 shccnsset
988 2178 1126 2236 gressus,
1147 2169 1233 2221 caute
1254 2161 1351 2238 ingre·

134 2253 255 2314 dimini'.
303 2253 436 2313 Lucilius
464 2259 553 2328 satyr.
576 2254 626 2314 lib.
643 2273 688 2311 1111
720 2254 945 2312 ‘succussatoris
977 2257 1053 2311 turdi
1082 2260 1196 2332 rarique
1225 2255 1351 2314 caballi’.

133 2347 213 2406 idem
233 2347 284 2407 lib.
301 2367 342 2404 xv
364 2347 550 2425 ‘Campanus
566 2349 687 2424 sonipes
710 2366 868 2408 succussor
890 2349 984 2406 nullus
1007 2351 1180 2424 sequetur'.''
1267 2350 1351 2408 Idem

133 2461 162 2518 p.
179 2446 233 2515 86,
255 2443 292 2500 14
322 2441 495 2502 “Caballus.
536 2441 670 2501 Lucilius
693 2443 782 2502 lih.11
813 2443 1003 2502 'caementum'
1028 2444 1116 2501 taetri
1142 2444 1278 2519 tardique
1303 2461 1350 2502 ca·

134 2536 225 2598 balli'.
248 2535 311 2596 ...''
377 2595 378 2600 ,

213 2627 259 2688 73.
300 2630 437 2703 Donatus
464 2631 504 2690 ad
523 2630 731 2691 Phormionem
758 2631 889 2690 Terentii
910 2651 940 2704 v,
961 2629 976 2690 'l
998 2650 1027 2708 p.
1042 2629 1097 2690 497
1130 2631 1199 2691 “An
1220 2636 1351 2690 ventrem

134 2729 230 2784 totum
244 2725 408 2800 parasitum
430 2724 523 2785 dicit?
545 2731 578 2784 ut
596 2726 730 2784 Lucilius
751 2726 780 2784 in
801 2724 932 2785 secundo
954 2724 1053 2784 ‘visite
1074 2727 1197 2784 lucroaca
1283 2744 1351 2784 ren·

136 2818 233 2877 tres’.”
320 2819 436 2878 Nouius
460 2839 490 2897 p.
508 2822 552 2894 11,
573 2822 590 2880 8
619 2820 794 2880 “Lurcones
817 2820 887 2879 dicti
909 2826 977 2879 sunt
996 2839 1015 2880 a
1033 2820 1204 2879 lurchando.
1292 2820 1351 2878 Ln-

135 2913 219 2972 cilius
241 2921 332 2991 satyr.
352 2905 403 2972 lih.
418 2933 437 2971 v
458 2913 556 2974 ‘vivite
579 2961 587 2978 .,
600 2961 626 2975 ..
647 2915 782 2974 oeontdss’

148 2998 151 3004 ’
210 3026 253 3067 ur.
295 3008 518 3068 commentator
538 3007 724 3086 Cruquianus
751 3009 788 3068 ad
810 3008 931 3066 Horatii
961 3025 1126 3068 sermonum
1147 3028 1167 3080 ι,
1188 3011 1205 3067 5
1227 3027 1254 3084 p.
1271 3010 1343 3066 361⁸

135 3101 291 3162 “Lucilius
312 3103 395 3162 lib.3
417 3102 576 3179 descripsit
596 3104 652 3162 iter
673 3122 767 3178 suum,
788 3103 869 3180 qnod
883 3104 982 3162 Roma
1002 3102 1072 3161 lecit
1086 3101 1219 3177 Capuam
1240 3102 1351 3160 atinde

136 3198 177 3256 ad
196 3199 301 3256 fretum
323 3215 416 3274 usque
440 3195 602 3257 Siciliense.
633 3197 710 3258 hunc
731 3199 860 3256 imitatus
878 3197 1020 3255 Horatius
1039 3197 1096 3255 iter
1117 3215 1200 3255 suum
1221 3198 1258 3257 ah
1280 3198 1351 3256 urbe

136 3292 235 3352 Roma
257 3289 418 3368 descripsit
436 3291 629 3350 Brundisium
649 3308 752 3368 usque,
773 3307 1007 3350 commemorans
1028 3291 1090 3349 eius
1111 3292 1222 3351 itineris
1243 3293 1351 3350 incom-

135 3386 225 3445 moda
260 3386 347 3444 simul
380 3392 410 3443 et
443 3386 572 3445 facetam
608 3385 828 3445 contentionem
860 3383 1008 3444 Sarmenti
1039 3403 1159 3452 scurrae
1191 3394 1222 3445 et
1250 3386 1353 3444 Messii

136 3479 277 3540 Cicerri.''
358 3479 526 3556 Porphyrio
555 3479 721 3539 “Lucilium
741 3479 799 3538 hac
820 3480 912 3538 satira
931 3479 1095 3537 aemulatur
1115 3478 1272 3547 Horatius,
1298 3480 1353 3537 iter

136 3593 218 3634 snum
239 3571 369 3633 aRoma
384 3591 476 3649 usque
494 3574 693 3633 Brundusium
710 3573 894 3645 descrihens3
917 3572 996 3649 quod
1012 3578 1041 3631 et
1054 3573 1103 3631 illc
1117 3573 1146 3630 in
1163 3577 1180 3633 3
1194 3574 1269 3631 libro
1284 3573 1355 3631 lecit

106 3679 109 3688 '
136 3671 261 3746 primum
282 3689 301 3730 a
322 3671 421 3730 Roma
441 3669 574 3744 Capuam
596 3687 689 3745 usque
711 3675 741 3726 et
760 3667 827 3726 inde
848 3666 955 3726 fretum
976 3665 1157 3727 Siciliense.'’

211 3763 377 3842 Porphyrio
408 3763 445 3821 ad
466 3763 539 3821 illud
560 3763 679 3822 Horatii
699 3779 785 3822 serm.
807 3781 826 3834 1,
850 3763 894 3835 10,
910 3764 946 3820 53
968 3762 1029 3820 'Nil
1050 3763 1141 3821 cornis
1161 3760 1271 3834 tragici
1291 3777 1351 3817 mu-

136 3863 182 3918 tat
203 3860 340 3919 Lucilius
360 3857 427 3916 Atti
437 3856 458 3916 i'
493 3857 602 3918 “Facit
624 3864 723 3917 autem
736 3855 868 3914 Lucilius
891 3873 954 3914 cum
976 3856 1060 3930 alias,
1082 3865 1142 3915 tum
1164 3855 1210 3913 rel
1229 3853 1353 3910 intortio

135 3953 211 4012 libro
232 3962 263 4013 et
283 3970 361 4012 nono
382 3961 412 4011 et
433 3950 574 4010 decimo.''

215 4046 260 4106 74.
303 4045 458 4106 Charisius
485 4065 515 4122 p.
539 4050 593 4105 182
621 4045 745 4122 “Longe
772 4061 826 4122 pro
853 4043 1048 4119 longitudine.
1096 4041 1239 4102 Lucillius
1262 4048 1352 4101 satur.

137 4141 225 4201 tertio
252 4140 352 4216 ‘longe
372 4140 429 4200 trie
447 4139 506 4199 mil.
523 4139 691 4216 pacatum'.''

212 4306 258 4363 69.
279 4305 489 4362 Momentuoum
500 4301 707 4379 sangallensis
723 4299 818 4361 codex
829 4301 949 4361 Horatii
961 4318 1046 4360 serm.
1058 4320 1078 4373 r,
1089 4305 1116 4374 8,
1130 4303 1163 4358 ll
1185 4317 1217 4373 rr,
1232 4303 1256 4372 1,
1266 4302 1313 4358 22.
1374 4293 1376 4298 ’

101 4375 107 4386 ’
172 4379 279 4441 Fratre.
300 4382 403 4440 Donsa
423 4384 480 4438 iem
501 4400 662 4458 quererere.
683 4381 812 4442 fortasse
832 4380 934 4438 mulum
954 4383 1011 4439 tam
1025 4376 1144 4455 pectort'
1160 4379 1274 4455 perdet.

213 4455 258 4518 ll.
300 4458 395 4518 Ianus
416 4458 522 4520 Densa
543 4459 710 4534 obductoque
729 4458 849 4516 tenebris.
