3302 5174
835 393 964 431 ructare

403 551 572 629 Porphyrio
593 550 633 610 ad
652 549 771 610 Horatii
792 521 906 610 sermm
922 551 950 625 3,
962 550 998 610 41
1021 546 1172 606 “Primum
1187 535 1342 634 inunitam.
1369 546 1517 609 Ostendit

403 646 475 724 qaid
496 647 536 706 sit
554 646 644 720 furor,
664 650 697 750 pt
716 642 877 705 Lucilius.''

402 844 547 906 Horatius
574 858 741 904 sermonum
759 803 790 917 ιι,
813 843 839 916 1,
857 841 895 900 30
916 840 998 900 “Illa
1018 840 1101 900 velut
1124 838 1191 898 fidis
1217 854 1330 898 arcana
1355 836 1515 898 sodalibus

403 940 472 1000 olim
488 937 642 999 Credebat
661 936 756 1012 libris,
776 951 882 1012 neque,
904 935 1020 996 simale
1035 940 1176 1009 cesserat,
1198 949 1325 1010 usquam
1338 933 1514 992 Decurrens
1635 939 1636 976 ³

403 1033 476 1108 alio,
498 1049 593 1110 neque
615 1031 640 1090 si
660 1027 764 1092 bene.''
867 1027 1035 1105 Porphyrio
1057 1025 1138 1088 “Ille
1159 1027 1285 1087 enimin
1307 1025 1368 1086 suis
1390 1025 1514 1102 scriptis

403 1126 536 1188 ostendit
550 1125 723 1202 Sapphonis
738 1129 768 1184 et
778 1124 885 1184 Alcaei
900 1121 1048 1184 volumina
1060 1139 1093 1182 se
1102 1123 1170 1183 loco
1182 1122 1327 1183 sodalium
1341 1119 1515 1182 habuisse.”

499 1224 582 1280 Acro
602 1222 634 1278 et
652 1224 867 1279 commentator
888 1215 1079 1295 (lrnquiauns
1099 1216 1212 1293 p.408¹
1233 1214 1311 1275 “Ille
1333 1215 1413 1275 velut
1433 1214 1514 1276 fidis.

403 1313 472 1374 Hoc
487 1313 620 1374 Lucilius
641 1329 679 1371 ex
693 1313 886 1372 Anacreonte
901 1311 1019 1372 Graeco
1041 1309 1161 1388 (omittit
1177 1307 1284 1386 (iruq.)
1304 1309 1396 1369 traxit
1410 1313 1442 1367 et
1455 1309 1513 1368 Al-

407 1425 480 1466 ceeo
501 1406 598 1484 (addit
619 1407 787 1484 saeptaque
802 1403 930 1481 Graecia)
951 1403 1060 1480 lyricis,
1081 1422 1157 1482 quos
1177 1404 1220 1464 ait
1231 1404 1434 1464 Aristoxenus
1454 1403 1514 1465 lib·
1636 1493 1637 1516 Χ

405 1501 446 1560 ris
467 1501 596 1580 propriis
617 1501 777 1561 amicorum
796 1500 865 1560 loco
884 1516 956 1559 usos
976 1499 1070 1559 esse.'’

405 1696 514 1758 Curius
531 1686 770 1758 E'ortuuatianus¹
783 1697 884 1758 rhetor
902 1697 952 1756 lib.
964 1715 998 1754 ιιι
1018 1715 1048 1774 p.
1060 1699 1098 1756 92
1118 1695 1219 1770 “Quid
1238 1696 1287 1756 hic
1308 1695 1390 1756 aliud
1409 1696 1513 1757 obser·

406 1791 561 1852 vehimus?
582 1810 659 1871 qnae
680 1794 773 1853 rerba
792 1792 888 1868 mugis
910 1791 1047 1852 sonantia
1066 1791 1134 1865 sint,
1153 1807 1190 1849 ea
1202 1791 1302 1867 potius
1318 1791 1513 1867 collocemus,

404 1905 481 1963 quae
497 1885 631 1946 Lucilius
651 1878 776 1966 εὔφωνα
796 1886 940 1963 appellat,
960 1885 991 1945 id
1011 1891 1058 1944 est
1072 1885 1157 1961 quasi
1171 1885 1296 1944 vocalia.
1317 1890 1419 1961 utpro
1434 1885 1513 1945 (loe-

309 1981 313 1988 '
406 1980 446 2039 lio
469 1979 559 2038 ‘aliud
580 1980 637 2039 fori
657 1980 754 2039 lumen
775 1987 831 2056 cst,
852 1980 935 2041 aliud
954 1979 1144 2057 lychnorum',
1165 1997 1230 2040 cnm
1251 1980 1402 2057 potuisset
1421 1980 1514 2038 etiam

407 2075 548 2136 struetius
569 2073 668 2135 dicere
689 2073 779 2133 ‘alind
800 2075 1019 2135 lucernarum’.”

406 2272 528 2332 Servius
548 2271 587 2331 ad
601 2271 755 2332 Aeneidos
766 2290 829 2346 vm,
840 2273 877 2332 83
898 2270 1114 2349 “Conspicitur
1134 2288 1192 2330 sus.
1219 2270 1364 2331 Horatius
1385 2271 1425 2330 'et
1439 2273 1511 2331 ami-

405 2386 442 2427 ca
470 2368 533 2425 luto
559 2365 627 2425 sns'.
664 2365 815 2426 sciendum
840 2373 938 2427 tamen
958 2365 1016 2425 hoc
1039 2383 1106 2425 esse
1127 2364 1278 2441 vitiosum,
1303 2366 1512 2442 monosyllabo

410 2462 484 2520 liniri
498 2477 628 2535 rersnm;
650 2460 707 2520 nisi
722 2461 797 2519 forte
813 2461 879 2538 ipso
893 2461 1099 2537 monosyllabo
1118 2461 1232 2519 minora
1251 2461 1436 2537 explicentur
1449 2459 1514 2519 ani·

410 2552 513 2630 malis,
534 2562 566 2615 ut
587 2555 761 2631 'parturient
780 2561 909 2629 montes,
930 2560 1069 2614 nascetur
1089 2554 1231 2616 ridiculus
1252 2555 1334 2615 mus!
1364 2552 1512 2629 gratiores

407 2651 485 2709 enim
506 2665 609 2708 versus
630 2649 680 2708 isti
700 2655 770 2708 sunt
791 2647 952 2707 secundnm
973 2647 1146 2707 Lucilium.''

405 2847 526 2906 Servius
547 2845 588 2906 ad
607 2844 762 2906 Aeneidos
781 2865 822 2921 rx,
842 2844 899 2905 573
921 2846 1061 2907 “Caenea
1076 2846 1216 2922 Turnus,
1238 2846 1356 2906 Turnus
1376 2846 1455 2922 Ityn.
1475 2852 1511 2908 ut

405 2943 447 3002 ait
466 2940 600 3000 Lucilius
621 2939 741 3000 ‘bonum
762 2941 883 3000 schema
902 2947 949 3001 est
970 2942 1106 3018 quotiens
1128 2959 1233 3001 sensns
1255 2944 1385 3004 variatur
1404 2943 1435 3002 in
1455 2945 1510 3004 ite·

405 3037 519 3096 ratione
540 3035 712 3108 verborum,
734 3035 812 3093 etin
832 3034 890 3093 fine
909 3034 1024 3112 positus
1046 3035 1196 3112 sequentis
1216 3035 1250 3095 fit
1268 3038 1438 3108 exordinm;
1458 3041 1511 3117 qni

410 3128 580 3206 appellatur
600 3127 743 3188 climax’.”

404 3325 525 3386 Servius
552 3327 593 3386 ad
612 3326 765 3386 Aeneidos
783 3328 885 3400 v111,9
912 3325 1097 3388 “Diomedes
1122 3333 1282 3406 postquam
1308 3331 1441 3407 repperit
1465 3332 1511 3390 ira

405 3421 533 3480 Veneris
557 3439 576 3480 a
602 3440 634 3481 se
661 3423 834 3483 vulneratae
859 3439 981 3481 uxorem
1006 3422 1182 3499 Aegialcam
1208 3421 1288 3500 apud
1314 3426 1415 3499 Argos
1442 3441 1510 3484 cum

404 3514 565 3590 Cyllabaro
593 3521 626 3575 ut
650 3515 783 3576 Lucilius
810 3516 857 3575 vel
877 3516 1003 3576 Cometa
1028 3523 1061 3576 nt
1079 3518 1214 3594 plerique
1240 3515 1363 3576 tradunt
1383 3519 1511 3594 turpiter

405 3609 505 3668 vivere
526 3609 621 3668 uoluit
640 3609 748 3670 reverti
769 3610 809 3670 ad
829 3610 982 3688 patriam.''

403 3797 509 3856 dicero
531 3795 567 3854 de
587 3797 637 3860 fin.
657 3798 726 3857 bon.
747 3802 780 3858 et
799 3798 866 3859 mal.
882 3817 910 3875 v,
929 3801 977 3876 30,
991 3803 1028 3860 92
1054 3797 1118 3860 “At
1137 3799 1194 3859 hoc
1214 3800 1244 3858 in
1264 3818 1301 3860 eo
1320 3803 1360 3860 M.
1384 3802 1510 3876 Crasso,

405 3908 492 3969 quem
512 3891 603 3949 semel
624 3892 666 3950 ait
687 3892 718 3951 in
742 3893 804 3952 rita
825 3893 927 3952 risisse
949 3893 1098 3969 Lucilius,
1124 3910 1183 3952 noo
1204 3896 1343 3972 contigit,
1368 3902 1401 3957 ut
1421 3915 1458 3956 ca
1478 3915 1510 3957 re

404 3986 499 4044 miuus
520 3977 699 4061 ἀγέλαστος,
719 3993 751 4046 nt
770 3987 814 4046 ait
832 3987 920 4063 idem,
941 3987 1123 4048 vocaretur.”
1200 3988 1286 4049 Idem
1307 3989 1429 4051 Tuscul.
1450 3991 1508 4050 dis-

406 4083 469 4158 put.
480 4097 523 4153 111,
541 4080 585 4152 15,
600 4080 636 4136 31
659 4077 709 4136 “N
711 4095 745 4138 ec
759 4097 835 4146 vero,
846 4097 883 4139 ca
895 4082 977 4141 frons
998 4088 1071 4157 erat,
1094 4098 1169 4158 quae
1189 4085 1228 4143 M.
1244 4083 1347 4145 Crassi
1361 4083 1439 4144 illins
1460 4103 1510 4144 re·

404 4174 486 4249 teris,
507 4190 594 4251 quem
615 4172 707 4234 semel
727 4173 769 4233 ait
788 4173 818 4231 in
833 4175 911 4233 omni
923 4175 985 4235 vita
1003 4175 1106 4234 risisse
1121 4177 1281 4236 Lucilius.''
1357 4179 1510 4241 Asconius

404 4270 498 4330 falsus
518 4268 548 4326 iu
575 4267 721 4328 actionem
739 4285 749 4322 1
769 4267 799 4326 in
819 4267 945 4327 Verrem
962 4272 981 4329 5
1001 4289 1031 4348 p.
1048 4273 1102 4332 128
1123 4271 1201 4332 Bait.
1222 4270 1333 4332 ‘Semel
1359 4273 1401 4332 ait
1426 4290 1457 4333 se
1478 4274 1510 4332 iu

403 4363 466 4423 vita
484 4362 686 4440 pertimuisse!
718 4360 787 4422 “Ex
808 4360 912 4420 eodem
933 4372 1102 4441 senescet,
1128 4366 1209 4444 quod
1229 4367 1319 4426 semel
1339 4368 1370 4426 iu
1390 4368 1452 4428 vita
1471 4367 1509 4427 ri·

404 4457 480 4520 sisse
502 4456 646 4521 Crassum
666 4457 769 4519 scribit
784 4455 945 4518 Lucilius.”
986 4455 1100 4518 Confer
1113 4459 1300 4520 Macrobium
1322 4459 1385 4521 Sat.
1393 4481 1424 4538 ιι,
1441 4464 1468 4538 1,
1479 4463 1506 4522 6.
