3298 5170
628 359 764 410 I-XXV.
788 360 869 409 XXX

250 530 324 615 quis
346 533 447 594 totum
469 528 533 595 scis
555 529 621 594 iam
644 546 761 613 corpus
784 525 949 614 perolesse
971 527 1102 596 bisulcis

252 757 317 802 non
339 755 513 821 numquam
537 736 628 802 dabit
650 736 722 821 ipsa
743 740 834 802 aetas
856 736 943 820 quod
964 737 1067 822 prosit
1088 736 1247 804 habendo.

156 947 209 1007 995
548 943 677 1009 Arabus
702 939 846 1030 [artemo]

552 1259 774 1388 rss-xxv.
817 1302 952 1386 xxx

162 1522 182 1563 *
248 1521 418 1588 ‘Graccum
440 1528 480 1606 tc,
504 1521 629 1605 Albuci,
653 1541 749 1605 quam
770 1519 948 1584 Romanum
972 1524 1068 1602 atquc
1090 1519 1256 1605 Sabinum,

246 1625 440 1710 municipem
460 1625 564 1709 Ponti,
587 1622 742 1706 rlhitanni,
766 1621 996 1707 centurionum,

246 1727 486 1812 praeclarorum
507 1726 672 1792 hominum
693 1744 733 1789 ac
754 1724 929 1809 primorum
952 1726 1215 1813 signiferumque,

248 1829 390 1894 maluisti
412 1829 491 1896 dici.
530 1829 655 1896 craece
677 1847 754 1911 ergo
775 1833 907 1913 praetor
928 1829 1072 1914 Athenis,

155 1937 208 1998 999
246 1933 281 1997 id
303 1932 389 2015 qued
412 1932 563 2018 maluisti,
586 1939 627 2018 tc,
651 1951 723 1998 eum
745 1929 788 1995 ad
810 1951 861 1997 mc
883 1931 1014 2017 accedi',
1038 1933 1159 1999 saluto:

248 2031 374 2120 chaere,
397 2035 539 2120 inquam,
562 2036 644 2102 Tite.
675 2034 814 2120 lictores,
838 2041 943 2100 turma
965 2035 1059 2100 omni'
1085 2037 1262 2121 cohorsque

248 2135 384 2222 chaere,
407 2139 497 2231 Titc'.
529 2137 602 2203 hinc
623 2135 727 2202 hostis
750 2138 793 2203 mi
815 2137 980 2223 Albucius,
1003 2137 1078 2206 hinc
1100 2140 1258 2207 inimicus.

221 2417 286 2476 983.
330 2414 501 2474 Priscianus
522 2433 550 2490 p.
562 2411 618 2472 872
639 2410 701 2471 “nt
721 2413 855 2472 similiter
875 2411 996 2472 redoleo
1018 2420 1048 2474 et
1068 2415 1199 2474 redolcri
1218 2422 1249 2476 et
1268 2417 1354 2476 redo·

137 2513 190 2585 lui,
214 2510 356 2588 quianon
375 2512 490 2567 mutant
510 2507 765 2584 significationem.
789 2552 835 2566 ...
853 2506 986 2566 Lucilius
1006 2525 1075 2568 vero
1092 2509 1121 2568 in
1135 2527 1199 2566 xxx
1220 2510 1296 2586 ‘quis
1308 2557 1314 2570 .
1328 2557 1352 2571 ..

138 2622 262 2663 conaus
283 2621 338 2659 rau
353 2648 378 2662 ..
392 2603 553 2678 bisulcis,
576 2620 631 2681 pro
650 2601 859 2679 perolevissc.”
1143 2597 1147 2609 '

217 2699 283 2758 984.
324 2696 428 2756 Iunius
451 2698 657 2774 Philargyrius
680 2697 719 2757 ad
739 2697 903 2773 georgicon
924 2715 966 2772 111,
989 2699 1043 2756 159
1065 2697 1116 2756 ‘Et
1135 2716 1210 2774 quos
1231 2705 1284 2758 ant
1303 2717 1353 2777 pe-

136 2794 201 2852 cori
227 2792 332 2852 malint
351 2792 524 2852 submittere
552 2791 709 2852 habende'.
747 2790 929 2865 “Habendo,
948 2791 980 2850 id
999 2792 1080 2868 quod
1100 2792 1234 2853 habetur.
1264 2793 1352 2853 Luci-

136 2887 195 2946 lius
216 2885 246 2944 in
266 2905 330 2944 xxx
351 2884 572 2965 ‘nonnunquam
588 2932 594 2947 .
608 2932 614 2947 .
627 2933 634 2946 .
646 2904 755 2944 rossrr
776 2885 950 2945 babendo'.''

216 2983 282 3041 985.
326 2979 482 3040 Charisius
502 3000 532 3058 p.
547 2983 584 3041 99
605 2980 736 3041 “Arabis
757 2979 846 3038 Maro
860 3026 867 3040 .
879 3026 885 3040 .
899 3026 905 3040 .
917 2981 989 3057 quid
1009 2998 1091 3058 ergo,
1113 2982 1138 3040 si
1159 2983 1202 3042 sic
1223 2981 1352 3044 deelina-

137 3077 180 3136 rit
201 3082 234 3135 ut
252 3076 380 3136 Plautus
401 3077 431 3134 in
450 3075 654 3136 Bacchidibus
675 3080 705 3135 ct
725 3075 754 3134 in
771 3075 908 3135 Poenulo
930 3076 1061 3135 ‘Arabus
1082 3076 1257 3153 myrrhinae,
1276 3077 1352 3137 odor

135 3169 288 3231 Arabns'?
313 3170 447 3230 Lucilius
462 3187 528 3226 xxx
542 3167 660 3228 ‘arabus
682 3170 812 3228 artemo’.
835 3169 964 3247 deniqne
985 3177 1015 3231 ct
1036 3170 1072 3233 G.
1091 3170 1217 3232 Cassius
1240 3173 1270 3230 in
1289 3173 1351 3249 epi·

135 3267 217 3326 stola
238 3283 327 3344 quam
347 3265 383 3326 dc
403 3263 564 3325 Dolabella
584 3265 705 3341 scripsit
730 3263 835 3324 ‘Arabi
860 3264 982 3325 mirifice
1003 3267 1102 3328 auimo
1122 3285 1196 3344 erga
1215 3286 1270 3328 nos
1291 3269 1352 3328 luc-

136 3362 213 3421 runt’
235 3359 357 3437 inquit.'’

212 3456 279 3514 986.
320 3454 426 3514 Cicero
452 3453 488 3513 de
515 3453 563 3512 lin.
580 3453 649 3513 bon.
664 3460 695 3515 ct
714 3453 816 3529 malr,
832 3455 894 3527 3,9
915 3451 998 3516 “Res
1024 3473 1095 3514 vero
1115 3456 1226 3530 bonas,
1251 3456 1351 3514 verbis

135 3550 244 3609 clectis
266 3548 399 3624 graviter
422 3552 585 3626 ornateque
612 3548 723 3625 dictas,
750 3552 816 3629 quis
843 3569 901 3611 uon
926 3547 1030 3626 legat?
1057 3550 1113 3608 nisi
1139 3551 1189 3626 qni
1209 3567 1241 3608 se
1261 3550 1351 3626 plane

133 3643 286 3706 Graccum
307 3642 367 3702 dici
387 3643 472 3717 velit,
492 3649 525 3702 ut
546 3659 564 3702 a
585 3640 734 3704 Scaevola
754 3651 801 3705 cst
820 3649 959 3722 praetore
982 3646 1127 3705 salutatus
1148 3642 1276 3708 Athenis
1295 3645 1351 3703 Al·

135 3739 254 3799 bucias.
290 3754 377 3815 quem
399 3735 517 3813 quidem
542 3737 639 3797 locum
664 3757 730 3798 cum
750 3740 844 3800 multa
865 3745 1021 3800 venustate
1041 3742 1072 3800 et
1092 3739 1170 3798 omni
1190 3739 1252 3797 sale
1273 3737 1350 3797 idem

134 3833 281 3905 Lucilius,
303 3831 384 3910 apud
399 3848 487 3908 quem
501 3832 655 3909 praeclare
671 3832 821 3895 Scaevola
834 3832 992 3894 ‘Graccum
1005 3833 1142 3894 ...chere
1163 3832 1241 3910 (care
1253 3831 1350 3892 codex

134 3926 346 4004 Erlangensis)
363 3972 368 3986 .
382 3972 388 3986 .
403 3973 409 3986 .
422 3925 515 3986 omnis
537 3945 723 3989 cnoucseuu
737 3974 744 3990 .
757 3975 764 3989 .
777 3974 783 3989 .
794 3928 965 3990 inimicus’.”

136 4095 340 4106 -ι-ι-ιι-ιρ

213 4192 279 4252 984.
310 4189 427 4254 *Ocni
443 4210 546 4254 comm.
563 4193 592 4252 in
612 4193 703 4269 Lucr,
723 4214 752 4274 p.
767 4196 833 4256 212.

212 4272 278 4331 985.
318 4281 424 4331 artemo
443 4270 475 4329 in
494 4287 612 4331 versum
624 4271 828 4335 hexametrum
842 4273 952 4335 intrare
967 4290 1025 4332 non
1039 4275 1147 4350 petest.
1173 4288 1268 4350 neque
1283 4273 1343 4351 cpi-

132 4346 237 4410 theton
257 4348 401 4412 artemoui
422 4347 581 4408 convenire
601 4355 683 4424 puto.

211 4426 277 4487 991.
318 4427 467 4506 cohorsque
487 4426 649 4488 Manutius.
