3300 5166
883 347 965 400 vim

861 618 987 706 VIIII

425 837 651 904 frumentarius
674 842 732 922 est,
755 835 897 902 modium
920 835 972 902 hio
995 856 1102 903 secum
1125 840 1223 919 atque
1246 832 1395 898 ruiellum

426 961 491 1008 una
514 941 617 1006 affert.

426 1112 628 1198 orisabitquo,
652 1118 687 1178 ut
709 1113 737 1179 si
761 1111 955 1179 frumentum
979 1112 1117 1220 elpnibu'
1141 1115 1274 1213 vannat.

335 1289 387 1350 277
427 1283 503 1349 inde
526 1289 710 1370 parentatoe
734 1289 766 1349 et
788 1283 977 1368 chlamydes
1000 1304 1039 1351 ao
1060 1284 1199 1351 barbula
1220 1281 1333 1369 prima.

427 1456 499 1523 hino
522 1456 650 1540 ancilia,
676 1455 799 1522 abhoc
821 1455 930 1541 apices
953 1456 1153 1543 cupidasque
1175 1459 1329 1540 repertas,

427 1628 558 1714 praesul
582 1635 616 1694 ut
637 1591 797 1713 amptruet
818 1627 903 1713 inde,
926 1633 962 1693 ut
983 1628 1092 1712 vulgu’
1116 1627 1337 1713 redamptruet
1358 1623 1443 1692 inde.

396 1867 461 1929 277.
502 1867 618 1928 Nonius
644 1888 673 1946 p.
691 1869 736 1943 18,
750 1869 787 1926 22
808 1866 953 1927 “llutrnm
976 1866 1086 1928 dictum
1112 1873 1158 1926 est
1184 1865 1355 1927 eradendo
1377 1865 1408 1942 (o
1425 1866 1529 1924 ruendo

319 1962 489 2040 Maroerus).
512 2010 537 2024 ..
552 2010 558 2023 .
573 1964 668 2024 Lucil.
681 1967 736 2024 sat.
750 1963 801 2022 lib.
813 1981 879 2020 run
896 1960 954 2040 (tit.
966 1975 1038 2016 rnrr
1051 1962 1119 2022 olim
1134 1961 1272 2038 impressi
1289 1967 1319 2020 et
1332 1959 1448 2036 Iunius)
1463 1958 1530 2018 ‘fru-

320 2057 479 2116 mentarius
500 2064 649 2134 ...atque
676 2056 854 2138 nrrutellnm
876 2055 971 2134 (atque
995 2059 1122 2116 cutellum
1142 2054 1292 2132 impressi)
1320 2073 1404 2112 nunu
1436 2053 1542 2130 (unum
1638 2058 1639 2090 i

319 2149 476 2210 Leideusis
498 2150 604 2225 codex,
623 2171 680 2209 una
701 2152 768 2210 olim
788 2151 937 2228 impressi)
960 2152 1079 2210 uffert’.”

395 2245 460 2305 279.
501 2243 618 2303 Nonius
638 2263 667 2322 p.
687 2247 731 2319 19,
745 2246 782 2303 26
803 2245 996 2304 “Evannetur
1017 2247 1191 2323 ...(cetera
1217 2243 1366 2322 adscripsi
1391 2245 1468 2304 libro
1487 2265 1531 2303 vn

319 2361 344 2402 v.
361 2340 430 2418 230)
457 2337 534 2397 idem
558 2339 610 2397 lib.
625 2358 690 2420 vnn
712 2338 753 2412 (li.
774 2352 809 2392 11
826 2340 895 2399 olim
915 2339 1052 2416 impressi
1079 2347 1109 2400 et
1129 2338 1244 2413 Iunius)
1266 2338 1428 2397 ‘cnnsnvrr
1448 2348 1481 2400 ut

320 2434 464 2495 vannat'.''

303 2541 307 2548 ·
397 2531 466 2588 280.
509 2527 624 2588 Nonius
645 2527 733 2606 p.6i,
750 2531 785 2588 13
806 2527 978 2588 “Paraetato
999 2528 1029 2587 hi
1055 2528 1105 2605 qui
1131 2527 1167 2588 de
1194 2527 1320 2606 pueritia
1345 2530 1467 2588 veniunt
1491 2530 1533 2588 ad

320 2624 522 2700 pubertatem3
553 2639 571 2681 a
598 2620 715 2682 Graeco
744 2613 920 2684 'vocabulum
945 2634 1080 2681 sumtum.
1126 2623 1261 2681 Lucilius
1289 2622 1340 2680 lib.
1358 2635 1425 2679 ¹vnn
1454 2623 1533 2682 ‘iudo

322 2725 478 2795 parentato
492 2734 686 2774 acununnnus
701 2699 829 2794 (anelanti
843 2716 1012 2792 Leidensis)
1028 2735 1063 2777 ao
1078 2716 1205 2776 barbula
1218 2715 1331 2793 primu'.
1361 2716 1439 2776 idem
1454 2719 1531 2777 vice-

321 2811 394 2870 simo
409 2810 499 2869 ‘tuum
516 2811 652 2869 eioebum
667 2811 823 2887 quemdum
837 2829 924 2887 quern
938 2817 1047 2870 vocant
1061 2811 1256 2887 parentaton'.
1288 2811 1387 2870 Varro
1401 2811 1438 2871 de
1454 2831 1531 2872 conr·

320 2906 466 2983 positione
487 2912 650 2964 saturarum
671 2904 851 2980 ‘paractatae
873 2903 982 2963 adsunt
1000 2904 1160 2981 mulierque
1176 2905 1280 2965 mulier
1296 2921 1386 2964 venus
1405 2907 1532 2984 caput'.”

399 3000 466 3058 281.
509 2999 682 3059 Priscianus
703 3017 731 3074 p.
748 2997 803 3058 708
820 2997 994 3058 “Invenitur
1014 2997 1102 3056 otiam
1116 2997 1190 3057 haec
1205 2998 1288 3076 capis
1302 2999 1426 3077 cupidis,
1448 3001 1531 3060 cuius

321 3092 523 3151 diminutivum
549 3102 597 3153 est
622 3091 769 3170 sapidula.
810 3093 953 3152 Acontius
976 3089 1082 3169 ‘Cepis
1110 3092 1189 3152 vasis
1219 3111 1313 3169 genus
1340 3100 1387 3152 est
1414 3094 1532 3171 pontifi-

321 3187 409 3259 calis3
430 3185 600 3246 diminutive
622 3186 777 3265 capidula’.
817 3185 950 3245 Lucilius
973 3187 1002 3245 in
1022 3206 1055 3244 rx
1076 3185 1153 3247 ‘hinc
1221 3188 1373 3264 repertas’.
1414 3197 1445 3248 et
1465 3187 1533 3247 vide

321 3279 401 3357 quod
421 3280 516 3356 magis
538 3280 686 3341 Graecum
707 3297 773 3339 esse
794 3280 976 3356 ostenditur,
997 3300 1062 3342 cum
1085 3283 1113 3339 in
1135 3299 1167 3340 as
1189 3281 1312 3358 protulit
1330 3283 1532 3340 accusativum

321 3373 491 3450 pluralem.''

397 3471 463 3529 282.
504 3468 612 3528 Festus
633 3487 662 3545 p.
678 3467 743 3543 270,
757 3470 795 3526 34
815 3467 1043 3529 “Redantruare
1065 3467 1172 3529 dicitnr
1198 3469 1227 3528 in
1250 3467 1397 3528 Saliorum
1418 3471 1532 3530 exulta·

320 3564 465 3637 tionibus,
490 3579 555 3620 cum
582 3563 703 3639 praesul
724 3563 914 3638 ampiruavit,
942 3563 1021 3639 quod
1050 3570 1096 3621 est
1116 3569 1211 3622 motus
1234 3562 1342 3637 edidit,
1369 3565 1396 3622 ei
1417 3563 1466 3642 (et)
1488 3583 1533 3625 re-

319 3658 452 3718 feruntur
472 3656 596 3714 invicem
619 3656 695 3714 idem
717 3663 822 3715 motus.
852 3656 986 3716 Lucilius
1008 3656 1134 3734 ‘praesul
1156 3663 1188 3715 ut
1202 3661 1338 3732 amptruet
1350 3661 1413 3716 inda
1427 3660 1532 3736 vulgus

320 3753 506 3828 redamplavit
519 3759 557 3808 at.
592 3750 741 3809 Pacuvius
764 3749 993 3826 ‘proaerarenda
1010 3751 1214 3826 spromereudu)
1232 3751 1338 3826 gratia,
1359 3751 1451 3812 Simul
1467 3772 1533 3813 cum

321 3845 434 3904 videam
451 3844 558 3904 Graios
580 3843 651 3902 nihil
671 3843 859 3903 mediocriter
879 3843 1117 3920 Redamptruare
1138 3844 1303 3922 opibusque
1325 3849 1445 3906 summis
1466 3867 1531 3926 per·

321 3939 440 4016 sequi’.”
519 3938 633 3998 Nonius
654 3955 683 4014 p.
702 3939 765 4012 165,
784 3936 816 3996 17
840 3937 1086 4013 “Rodandruare,
1109 3939 1212 4000 redire.
1244 3939 1378 4000 Lucilius
1399 3943 1450 4000 lib.
1467 3962 1531 4000 vnn

324 4033 367 4092 ‘ut
380 4033 485 4109 vulgus
499 4033 670 4092 redandruet
682 4030 768 4090 inde’.
797 4031 945 4092 Pacuvius
961 4030 1077 4108 Chryso
1097 4031 1243 4092 ‘Graecos
1260 4033 1331 4092 nihil
1346 4035 1533 4096 mediocriter·

327 4125 577 4188 Rodandruare'.”

322 4257 523 4265 ..ἢ

403 4323 468 4379 279.
512 4323 614 4381 lunius
636 4326 769 4393 crisenon,
790 4321 883 4380 Ianus
904 4321 1006 4382 Dousa
1026 4323 1228 4400 euentuque.

402 4399 467 4457 280.
512 4402 679 4459 Paraetatoe
698 4400 775 4459 unde
797 4399 868 4457 dicti
889 4401 948 4458 sint
968 4417 1026 4459 non
1046 4403 1142 4477 capio.
