<?xml version="1.0" encoding="UTF-8"?>
<!DOCTYPE html PUBLIC "-//W3C//DTD XHTML 1.0 Transitional//EN"
    "http://www.w3.org/TR/xhtml1/DTD/xhtml1-transitional.dtd">
<html xmlns="http://www.w3.org/1999/xhtml" xml:lang="en" lang="en">
 <head>
  <title>
</title>
<meta http-equiv="Content-Type" content="text/html;charset=utf-8" />
  <meta name='ocr-system' content='tesseract 3.04.00' />
  <meta name='ocr-capabilities' content='ocr_page ocr_carea ocr_par ocr_line ocrx_word'/>
</head>
<body>
  <div class='ocr_page' id='page_1' title='image "./saturarum00lucigoog_0162.png"; bbox 0 0 3298 5170; ppageno 0'>
   <div class='ocr_carea' id='block_1_1' title="bbox 544 1867 906 1979">
    <p class='ocr_par' dir='ltr' id='par_1_1' title="bbox 544 1867 906 1979">
     <span class='ocr_line' id='line_1_1' title="bbox 544 1867 906 1979; baseline 0 -1"><span class='ocrx_word' id='word_1_1' title='bbox 544 1867 906 1979; x_wconf 78' lang='lat' dir='ltr'><strong>PRAEFATIO.</strong></span> 
     </span>
    </p>
   </div>
   <div class='ocr_carea' id='block_1_2' title="bbox 211 2277 1338 2401">
    <p class='ocr_par' dir='ltr' id='par_1_2' title="bbox 211 2277 1338 2401">
     <span class='ocr_line' id='line_1_2' title="bbox 211 2277 1338 2401; baseline -0.005 -14"><span class='ocrx_word' id='word_1_2' title='bbox 211 2277 345 2387; x_wconf 73' lang='lat' dir='ltr'><strong>Lucilio</strong></span> <span class='ocrx_word' id='word_1_3' title='bbox 362 2320 562 2386; x_wconf 86' lang='lat' dir='ltr'><strong>Loohmonni</strong></span> <span class='ocrx_word' id='word_1_4' title='bbox 586 2318 673 2385; x_wconf 91' lang='lat' dir='ltr'><strong>edito</strong></span> <span class='ocrx_word' id='word_1_5' title='bbox 696 2317 751 2389; x_wconf 88' lang='lat' dir='ltr'><strong>alii</strong></span> <span class='ocrx_word' id='word_1_6' title='bbox 773 2317 840 2382; x_wconf 86' lang='lat' dir='ltr'><strong>alia</strong></span> <span class='ocrx_word' id='word_1_7' title='bbox 863 2325 928 2382; x_wconf 83' lang='lat' dir='ltr'><strong>tam</strong></span> <span class='ocrx_word' id='word_1_8' title='bbox 951 2318 985 2382; x_wconf 93' lang='lat' dir='ltr'><strong>in</strong></span> <span class='ocrx_word' id='word_1_9' title='bbox 1007 2317 1108 2398; x_wconf 87' lang='lat' dir='ltr'><strong>ipsius</strong></span> <span class='ocrx_word' id='word_1_10' title='bbox 1128 2337 1227 2401; x_wconf 91' lang='lat' dir='ltr'><strong>opere</strong></span> <span class='ocrx_word' id='word_1_11' title='bbox 1242 2337 1338 2399; x_wconf 85' lang='lat' dir='ltr'><strong>quam</strong></span> 
     </span>
    </p>
   </div>
   <div class='ocr_carea' id='block_1_3' title="bbox 48 2468 1354 4230">
    <p class='ocr_par' dir='ltr' id='par_1_3' title="bbox 48 2468 1354 4230">
     <span class='ocr_line' id='line_1_3' title="bbox 107 2468 1338 2556; baseline -0.005 -15"><span class='ocrx_word' id='word_1_12' title='bbox 107 2477 150 2541; x_wconf 93' lang='lat' dir='ltr'><strong>in</strong></span> <span class='ocrx_word' id='word_1_13' title='bbox 188 2493 262 2539; x_wconf 88' lang='lat' dir='ltr'><strong>mea</strong></span> <span class='ocrx_word' id='word_1_14' title='bbox 290 2473 504 2556; x_wconf 85' lang='lat' dir='ltr'><strong>quoliounque</strong></span> <span class='ocrx_word' id='word_1_15' title='bbox 534 2492 611 2538; x_wconf 87' lang='lat' dir='ltr'><strong>eura</strong></span> <span class='ocrx_word' id='word_1_16' title='bbox 638 2492 703 2555; x_wconf 87' lang='lat' dir='ltr'><strong>qua</strong></span> <span class='ocrx_word' id='word_1_17' title='bbox 730 2470 810 2536; x_wconf 92' lang='lat' dir='ltr'><strong>illud</strong></span> <span class='ocrx_word' id='word_1_18' title='bbox 836 2491 902 2535; x_wconf 93' lang='lat' dir='ltr'><strong>non</strong></span> <span class='ocrx_word' id='word_1_19' title='bbox 930 2468 1192 2536; x_wconf 87' lang='lat' dir='ltr'><strong>absooudendum</strong></span> <span class='ocrx_word' id='word_1_20' title='bbox 1219 2471 1338 2537; x_wconf 89' lang='lat' dir='ltr'><strong>sedin</strong></span> 
     </span>
     <span class='ocr_line' id='line_1_4' title="bbox 107 2617 1340 2710; baseline -0.005 -16"><span class='ocrx_word' id='word_1_21' title='bbox 107 2631 233 2694; x_wconf 81' lang='lat' dir='ltr'><strong>lueem</strong></span> <span class='ocrx_word' id='word_1_22' title='bbox 256 2626 418 2710; x_wconf 86' lang='lat' dir='ltr'><strong>publioam</strong></span> <span class='ocrx_word' id='word_1_23' title='bbox 441 2624 675 2691; x_wconf 86' lang='lat' dir='ltr'><strong>admittendum</strong></span> <span class='ocrx_word' id='word_1_24' title='bbox 699 2623 808 2690; x_wconf 71' lang='lat' dir='ltr'><strong>ourani</strong></span> <span class='ocrx_word' id='word_1_25' title='bbox 824 2617 1101 2707; x_wconf 86' lang='lat' dir='ltr'><strong>reprehenderunt</strong></span> <span class='ocrx_word' id='word_1_26' title='bbox 1123 2629 1156 2689; x_wconf 94' lang='lat' dir='ltr'><strong>et</strong></span> <span class='ocrx_word' id='word_1_27' title='bbox 1177 2623 1340 2690; x_wconf 89' lang='lat' dir='ltr'><strong>desidera-</strong></span> 
     </span>
     <span class='ocr_line' id='line_1_5' title="bbox 114 2773 1340 2861; baseline -0.002 -17"><span class='ocrx_word' id='word_1_28' title='bbox 114 2783 213 2844; x_wconf 89' lang='lat' dir='ltr'><strong>runt.</strong></span> <span class='ocrx_word' id='word_1_29' title='bbox 257 2777 346 2845; x_wconf 89' lang='lat' dir='ltr'><strong>Inter</strong></span> <span class='ocrx_word' id='word_1_30' title='bbox 374 2796 454 2861; x_wconf 85' lang='lat' dir='ltr'><strong>quos</strong></span> <span class='ocrx_word' id='word_1_31' title='bbox 481 2776 577 2860; x_wconf 85' lang='lat' dir='ltr'><strong>pauni</strong></span> <span class='ocrx_word' id='word_1_32' title='bbox 605 2797 676 2841; x_wconf 89' lang='lat' dir='ltr'><strong>oum</strong></span> <span class='ocrx_word' id='word_1_33' title='bbox 703 2773 829 2856; x_wconf 89' lang='lat' dir='ltr'><strong>reliqua</strong></span> <span class='ocrx_word' id='word_1_34' title='bbox 856 2796 922 2840; x_wconf 89' lang='lat' dir='ltr'><strong>uon</strong></span> <span class='ocrx_word' id='word_1_35' title='bbox 947 2773 1058 2856; x_wconf 89' lang='lat' dir='ltr'><strong>iniqua</strong></span> <span class='ocrx_word' id='word_1_36' title='bbox 1084 2780 1192 2842; x_wconf 86' lang='lat' dir='ltr'><strong>mente</strong></span> <span class='ocrx_word' id='word_1_37' title='bbox 1214 2776 1340 2860; x_wconf 85' lang='lat' dir='ltr'><strong>exoipe</strong></span> 
     </span>
     <span class='ocr_line' id='line_1_6' title="bbox 118 2915 1339 3015; baseline 0 -18"><span class='ocrx_word' id='word_1_38' title='bbox 118 2936 202 2998; x_wconf 89' lang='lat' dir='ltr'><strong>rent</strong></span> <span class='ocrx_word' id='word_1_39' title='bbox 224 2928 287 2995; x_wconf 88' lang='lat' dir='ltr'><strong>hoe</strong></span> <span class='ocrx_word' id='word_1_40' title='bbox 302 2936 413 2995; x_wconf 88' lang='lat' dir='ltr'><strong>tamen</strong></span> <span class='ocrx_word' id='word_1_41' title='bbox 427 2915 525 3012; x_wconf 81' lang='lat' dir='ltr'><strong>aegre</strong></span> <span class='ocrx_word' id='word_1_42' title='bbox 540 2928 688 2996; x_wconf 86' lang='lat' dir='ltr'><strong>ferebant</strong></span> <span class='ocrx_word' id='word_1_43' title='bbox 703 2927 790 3013; x_wconf 91' lang='lat' dir='ltr'><strong>quod</strong></span> <span class='ocrx_word' id='word_1_44' title='bbox 804 2928 855 2994; x_wconf 91' lang='lat' dir='ltr'><strong>his</strong></span> <span class='ocrx_word' id='word_1_45' title='bbox 870 2926 1058 3010; x_wconf 82' lang='lat' dir='ltr'>fragmentis</span> <span class='ocrx_word' id='word_1_46' title='bbox 1073 2949 1208 3012; x_wconf 91' lang='lat' dir='ltr'><strong>quorum</strong></span> <span class='ocrx_word' id='word_1_47' title='bbox 1225 2937 1339 3015; x_wconf 89' lang='lat' dir='ltr'><strong>suapte</strong></span> 
     </span>
     <span class='ocr_line' id='line_1_7' title="bbox 48 3078 1340 3166; baseline 0.006 -26"><span class='ocrx_word' id='word_1_48' title='bbox 48 3127 54 3140; x_wconf 92' lang='lat'><strong>.</strong></span> <span class='ocrx_word' id='word_1_49' title='bbox 119 3086 247 3147; x_wconf 84' lang='lat' dir='ltr'><strong>natura</strong></span> <span class='ocrx_word' id='word_1_50' title='bbox 268 3101 335 3145; x_wconf 90' lang='lat' dir='ltr'><strong>uon</strong></span> <span class='ocrx_word' id='word_1_51' title='bbox 358 3101 440 3146; x_wconf 91' lang='lat' dir='ltr'><strong>unus</strong></span> <span class='ocrx_word' id='word_1_52' title='bbox 462 3085 496 3146; x_wconf 91' lang='lat' dir='ltr'><strong>et</strong></span> <span class='ocrx_word' id='word_1_53' title='bbox 519 3087 625 3148; x_wconf 89' lang='lat' dir='ltr'><strong>oertus</strong></span> <span class='ocrx_word' id='word_1_54' title='bbox 648 3082 726 3149; x_wconf 89' lang='lat' dir='ltr'><strong>ordo</strong></span> <span class='ocrx_word' id='word_1_55' title='bbox 749 3100 822 3147; x_wconf 90' lang='lat' dir='ltr'><strong>esse</strong></span> <span class='ocrx_word' id='word_1_56' title='bbox 844 3084 952 3163; x_wconf 92' lang='lat' dir='ltr'><strong>potest</strong></span> <span class='ocrx_word' id='word_1_57' title='bbox 973 3078 1054 3144; x_wconf 93' lang='lat' dir='ltr'><strong>nihil</strong></span> <span class='ocrx_word' id='word_1_58' title='bbox 1069 3080 1255 3148; x_wconf 75' lang='lat' dir='ltr'><strong>adminiculi</strong></span> <span class='ocrx_word' id='word_1_59' title='bbox 1277 3102 1340 3166; x_wconf 91' lang='lat' dir='ltr'><strong>quo</strong></span> 
     </span>
     <span class='ocr_line' id='line_1_8' title="bbox 122 3229 1340 3324; baseline 0.002 -26"><span class='ocrx_word' id='word_1_60' title='bbox 122 3235 163 3298; x_wconf 95' lang='lat' dir='ltr'><strong>in</strong></span> <span class='ocrx_word' id='word_1_61' title='bbox 187 3231 370 3298; x_wconf 85' lang='lat' dir='ltr'><strong>evolvendo</strong></span> <span class='ocrx_word' id='word_1_62' title='bbox 393 3229 586 3298; x_wconf 85' lang='lat' dir='ltr'><strong>adiuvarere</strong></span> <span class='ocrx_word' id='word_1_63' title='bbox 608 3233 770 3324; x_wconf 88' lang='lat' dir='ltr'><strong>odieotum</strong></span> <span class='ocrx_word' id='word_1_64' title='bbox 786 3237 865 3298; x_wconf 86' lang='lat' dir='ltr'><strong>erat.</strong></span> <span class='ocrx_word' id='word_1_65' title='bbox 899 3230 1036 3314; x_wconf 79' lang='lat' dir='ltr'><strong>Qualem</strong></span> <span class='ocrx_word' id='word_1_66' title='bbox 1051 3232 1340 3303; x_wconf 78' lang='lat' dir='ltr'><strong>dinumerationem</strong></span> 
     </span>
     <span class='ocr_line' id='line_1_9' title="bbox 125 3377 1354 3468; baseline 0 -16"><span class='ocrx_word' id='word_1_67' title='bbox 125 3404 282 3453; x_wconf 85' lang='lat' dir='ltr'><strong>versuum</strong></span> <span class='ocrx_word' id='word_1_68' title='bbox 306 3381 482 3466; x_wconf 75' lang='lat' dir='ltr'>quominus</span> <span class='ocrx_word' id='word_1_69' title='bbox 509 3377 580 3466; x_wconf 83' lang='lat' dir='ltr'><strong>ipse</strong></span> <span class='ocrx_word' id='word_1_70' title='bbox 603 3389 670 3449; x_wconf 92' lang='lat' dir='ltr'><strong>tum</strong></span> <span class='ocrx_word' id='word_1_71' title='bbox 697 3385 851 3452; x_wconf 83' lang='lat' dir='ltr'><strong>adderem</strong></span> <span class='ocrx_word' id='word_1_72' title='bbox 874 3405 946 3451; x_wconf 90' lang='lat' dir='ltr'><strong>eum</strong></span> <span class='ocrx_word' id='word_1_73' title='bbox 967 3386 1048 3451; x_wconf 85' lang='lat' dir='ltr'><strong>meis</strong></span> <span class='ocrx_word' id='word_1_74' title='bbox 1069 3388 1272 3468; x_wconf 81' lang='lat' dir='ltr'><strong>negotiorum</strong></span> <span class='ocrx_word' id='word_1_75' title='bbox 1294 3391 1354 3452; x_wconf 71' lang='lat' dir='ltr'><strong>ra-&#39;</strong></span> 
     </span>
     <span class='ocr_line' id='line_1_10' title="bbox 127 3533 1342 3621; baseline -0.002 -18"><span class='ocrx_word' id='word_1_76' title='bbox 127 3534 273 3603; x_wconf 82' lang='lat' dir='ltr'>tionibus</span> <span class='ocrx_word' id='word_1_77' title='bbox 293 3533 489 3618; x_wconf 89' lang='lat' dir='ltr'><strong>prohibebar</strong></span> <span class='ocrx_word' id='word_1_78' title='bbox 504 3540 571 3600; x_wconf 90' lang='lat' dir='ltr'><strong>tum</strong></span> <span class='ocrx_word' id='word_1_79' title='bbox 591 3534 695 3617; x_wconf 84' lang='lat' dir='ltr'><strong>magis</strong></span> <span class='ocrx_word' id='word_1_80' title='bbox 714 3533 772 3600; x_wconf 87' lang='lat' dir='ltr'><strong>illa</strong></span> <span class='ocrx_word' id='word_1_81' title='bbox 785 3538 997 3620; x_wconf 79' lang='lat' dir='ltr'><strong>persuasione</strong></span> <span class='ocrx_word' id='word_1_82' title='bbox 1012 3557 1076 3620; x_wconf 85' lang='lat' dir='ltr'><strong>qua</strong></span> <span class='ocrx_word' id='word_1_83' title='bbox 1090 3558 1151 3604; x_wconf 88' lang='lat' dir='ltr'><strong>neo</strong></span> <span class='ocrx_word' id='word_1_84' title='bbox 1165 3537 1342 3621; x_wconf 87' lang='lat' dir='ltr'><strong>Hauptium</strong></span> 
     </span>
     <span class='ocr_line' id='line_1_11' title="bbox 128 3649 1342 3774; baseline -0.001 -20"><span class='ocrx_word' id='word_1_85' title='bbox 128 3707 239 3771; x_wconf 92' lang='lat' dir='ltr'><strong>neque</strong></span> <span class='ocrx_word' id='word_1_86' title='bbox 261 3685 367 3769; x_wconf 91' lang='lat' dir='ltr'><strong>ipsum</strong></span> <span class='ocrx_word' id='word_1_87' title='bbox 382 3685 627 3752; x_wconf 80' lang='lat' dir='ltr'><strong>Lachmannum</strong></span> <span class='ocrx_word' id='word_1_88' title='bbox 648 3685 711 3751; x_wconf 90' lang='lat' dir='ltr'><strong>isto</strong></span> <span class='ocrx_word' id='word_1_89' title='bbox 734 3649 830 3754; x_wconf 93' lang='lat' dir='ltr'><strong>modo</strong></span> <span class='ocrx_word' id='word_1_90' title='bbox 854 3688 1074 3755; x_wconf 77' lang='lat' dir='ltr'><strong>commoditati</strong></span> <span class='ocrx_word' id='word_1_91' title='bbox 1089 3689 1253 3756; x_wconf 91' lang='lat' dir='ltr'><strong>hominum</strong></span> <span class='ocrx_word' id='word_1_92' title='bbox 1271 3710 1342 3774; x_wconf 87' lang='lat' dir='ltr'><strong>pro-</strong></span> 
     </span>
     <span class='ocr_line' id='line_1_12' title="bbox 129 3809 1342 3926; baseline -0.003 -16"><span class='ocrx_word' id='word_1_93' title='bbox 129 3842 260 3910; x_wconf 77' lang='lat' dir='ltr'><strong>visuros</strong></span> <span class='ocrx_word' id='word_1_94' title='bbox 287 3836 387 3905; x_wconf 83' lang='lat' dir='ltr'><strong>fuisse</strong></span> <span class='ocrx_word' id='word_1_95' title='bbox 415 3809 628 3904; x_wconf 84' lang='lat' dir='ltr'><strong>arbitrabar.ยน</strong></span> <span class='ocrx_word' id='word_1_96' title='bbox 652 3838 776 3906; x_wconf 84' lang='lat' dir='ltr'><strong>Tamen</strong></span> <span class='ocrx_word' id='word_1_97' title='bbox 803 3860 888 3907; x_wconf 88' lang='lat' dir='ltr'><strong>nuno</strong></span> <span class='ocrx_word' id='word_1_98' title='bbox 918 3840 1000 3908; x_wconf 88' lang='lat' dir='ltr'><strong>eesei</strong></span> <span class='ocrx_word' id='word_1_99' title='bbox 1023 3840 1151 3907; x_wconf 86' lang='lat' dir='ltr'><strong>illorum</strong></span> <span class='ocrx_word' id='word_1_100' title='bbox 1173 3841 1342 3926; x_wconf 86' lang='lat' dir='ltr'><strong>voluntati,</strong></span> 
     </span>
     <span class='ocr_line' id='line_1_13' title="bbox 130 3988 1343 4079; baseline -0.002 -20"><span class='ocrx_word' id='word_1_101' title='bbox 130 3999 345 4079; x_wconf 73' lang='lat' dir='ltr'><strong>posteaquam</strong></span> <span class='ocrx_word' id='word_1_102' title='bbox 360 3989 569 4056; x_wconf 82' lang='lat' dir='ltr'><strong>Franoisoum</strong></span> <span class='ocrx_word' id='word_1_103' title='bbox 585 3988 767 4057; x_wconf 90' lang='lat' dir='ltr'><strong>Harderum</strong></span> <span class='ocrx_word' id='word_1_104' title='bbox 783 3991 858 4056; x_wconf 87' lang='lat' dir='ltr'><strong>huie</strong></span> <span class='ocrx_word' id='word_1_105' title='bbox 872 3991 1081 4058; x_wconf 84' lang='lat' dir='ltr'><strong>sustinendae</strong></span> <span class='ocrx_word' id='word_1_106' title='bbox 1098 4010 1216 4076; x_wconf 84' lang='lat' dir='ltr'><strong>operae</strong></span> <span class='ocrx_word' id='word_1_107' title='bbox 1230 4011 1343 4078; x_wconf 88' lang='lat' dir='ltr'><strong>parem</strong></span> 
     </span>
     <span class='ocr_line' id='line_1_14' title="bbox 130 4141 1343 4230; baseline -0.003 -17"><span class='ocrx_word' id='word_1_108' title='bbox 130 4152 163 4213; x_wconf 89' lang='lat' dir='ltr'><strong>et</strong></span> <span class='ocrx_word' id='word_1_109' title='bbox 192 4148 345 4230; x_wconf 84' lang='lat' dir='ltr'><strong>paratum</strong></span> <span class='ocrx_word' id='word_1_110' title='bbox 374 4161 447 4208; x_wconf 91' lang='lat' dir='ltr'><strong>esse</strong></span> <span class='ocrx_word' id='word_1_111' title='bbox 470 4141 620 4225; x_wconf 76' lang='lat' dir='ltr'><strong>cognovi:</strong></span> <span class='ocrx_word' id='word_1_112' title='bbox 649 4143 703 4228; x_wconf 92' lang='lat' dir='ltr'><strong>qui</strong></span> <span class='ocrx_word' id='word_1_113' title='bbox 725 4163 798 4209; x_wconf 92' lang='lat' dir='ltr'><strong>meo</strong></span> <span class='ocrx_word' id='word_1_114' title='bbox 826 4143 958 4210; x_wconf 90' lang='lat' dir='ltr'><strong>oonsilio</strong></span> <span class='ocrx_word' id='word_1_115' title='bbox 982 4151 1014 4210; x_wconf 89' lang='lat' dir='ltr'><strong>et</strong></span> <span class='ocrx_word' id='word_1_116' title='bbox 1037 4146 1184 4228; x_wconf 83' lang='lat' dir='ltr'><strong>exemplo</strong></span> <span class='ocrx_word' id='word_1_117' title='bbox 1207 4163 1275 4210; x_wconf 87' lang='lat' dir='ltr'><strong>rem</strong></span> <span class='ocrx_word' id='word_1_118' title='bbox 1296 4143 1343 4209; x_wconf 80' lang='lat' dir='ltr'><strong>ita</strong></span> 
     </span>
    </p>
   </div>
   <div class='ocr_carea' id='block_1_4' title="bbox 131 4294 1343 4380">
    <p class='ocr_par' dir='ltr' id='par_1_4' title="bbox 131 4294 1343 4380">
     <span class='ocr_line' id='line_1_15' title="bbox 131 4294 1343 4380; baseline 0.001 -16"><span class='ocrx_word' id='word_1_119' title='bbox 131 4294 374 4364; x_wconf 84' lang='lat' dir='ltr'><strong>administravit</strong></span> <span class='ocrx_word' id='word_1_120' title='bbox 396 4301 431 4360; x_wconf 89' lang='lat' dir='ltr'><strong>ut</strong></span> <span class='ocrx_word' id='word_1_121' title='bbox 453 4295 601 4380; x_wconf 86' lang='lat' dir='ltr'><strong>exposito</strong></span> <span class='ocrx_word' id='word_1_122' title='bbox 625 4295 712 4361; x_wconf 91' lang='lat' dir='ltr'><strong>omni</strong></span> <span class='ocrx_word' id='word_1_123' title='bbox 735 4315 882 4362; x_wconf 89' lang='lat' dir='ltr'><strong>sermone</strong></span> <span class='ocrx_word' id='word_1_124' title='bbox 904 4296 1072 4363; x_wconf 88' lang='lat' dir='ltr'><strong>Luoiliano</strong></span> <span class='ocrx_word' id='word_1_125' title='bbox 1099 4297 1193 4364; x_wconf 91' lang='lat' dir='ltr'><strong>simul</strong></span> <span class='ocrx_word' id='word_1_126' title='bbox 1219 4298 1267 4364; x_wconf 88' lang='lat' dir='ltr'><strong>illi</strong></span> <span class='ocrx_word' id='word_1_127' title='bbox 1290 4298 1343 4365; x_wconf 88' lang='lat' dir='ltr'><strong>de-</strong></span> 
     </span>
    </p>
   </div>
   <div class='ocr_carea' id='block_1_5' title="bbox 131 4391 1646 4608">
    <p class='ocr_par' dir='ltr' id='par_1_5' title="bbox 131 4391 1646 4608">
     <span class='ocr_line' id='line_1_16' title="bbox 131 4391 1646 4608; baseline 0.002 -92"><span class='ocrx_word' id='word_1_128' title='bbox 131 4450 250 4517; x_wconf 89' lang='lat' dir='ltr'><strong>siderio</strong></span> <span class='ocrx_word' id='word_1_129' title='bbox 275 4447 459 4515; x_wconf 85' lang='lat' dir='ltr'><strong>satisfieret.</strong></span> <span class='ocrx_word' id='word_1_130' title='bbox 494 4450 698 4552; x_wconf 89' lang='lat' dir='ltr'><strong>Possuntque</strong></span> <span class='ocrx_word' id='word_1_131' title='bbox 720 4449 801 4514; x_wconf 84' lang='lat' dir='ltr'><strong>haee</strong></span> <span class='ocrx_word' id='word_1_132' title='bbox 822 4448 909 4515; x_wconf 84' lang='lat' dir='ltr'><strong>faeili</strong></span> <span class='ocrx_word' id='word_1_133' title='bbox 923 4451 1055 4536; x_wconf 81' lang='lat' dir='ltr'><strong>negotio</strong></span> <span class='ocrx_word' id='word_1_134' title='bbox 1071 4471 1142 4517; x_wconf 89' lang='lat' dir='ltr'><strong>eum</strong></span> <span class='ocrx_word' id='word_1_135' title='bbox 1157 4449 1229 4534; x_wconf 88' lang='lat' dir='ltr'><strong>ipso</strong></span> <span class='ocrx_word' id='word_1_136' title='bbox 1245 4469 1343 4534; x_wconf 89' lang='lat' dir='ltr'><strong>opere</strong></span> <span class='ocrx_word' id='word_1_137' title='bbox 1359 4391 1646 4608; x_wconf 41' lang='lat' dir='ltr'><em>q</em></span> 
     </span>
    </p>
   </div>
   <div class='ocr_carea' id='block_1_6' title="bbox 0 0 1674 5170">
    <p class='ocr_par' dir='ltr' id='par_1_6' title="bbox 0 0 1674 5170">
     <span class='ocr_line' id='line_1_17' title="bbox 0 0 1674 5170; baseline 0 0"><span class='ocrx_word' id='word_1_138' title='bbox 0 0 1674 5170; x_wconf 95' lang='lat' dir='ltr'><strong> </strong></span> 
     </span>
    </p>
   </div>
  </div>
 </body>
</html>
