3298 5170
847 331 939 382 XXVI

402 506 437 566 ut
458 502 623 566 Romanus
645 500 783 585 populus
805 501 908 565 victus
932 499 963 565 vi
986 506 1019 565 55
1040 497 1209 585 superatus
1230 499 1361 585 proeliis

400 623 498 689 saepo
521 609 569 669 555
591 603 708 685 multis,
732 601 818 668 bello
841 623 917 668 vero
940 622 1123 686 numquam,
1147 603 1179 667 in
1202 622 1265 685 quo
1288 609 1362 668 sunt
1383 601 1502 667 omnia.

308 801 356 860 515
395 797 506 857 contra
527 789 684 873 flagitium
711 785 861 874 [nescire]
884 789 969 855 bello
992 789 1075 853 vinci
1099 808 1119 853 a
1140 789 1288 872 barbaro,

372 893 529 976 ,Viriatq
552 891 722 956 Annibale.

397 1099 554 1167 perorepa
575 1098 717 1164 pugnam
741 1079 865 1164 Popilli,
890 1078 977 1144 facta
1000 1078 1127 1144 Corneli
1151 1100 1240 1145 cane.

396 1291 462 1334 non
484 1267 603 1334 idcirco
628 1268 791 1332 extollitur
812 1286 871 1332 nec
893 1249 980 1332 vitae
1001 1265 1159 1349 vegrandi
1183 1267 1286 1333 datur.

745 1475 841 1540 quam
865 1453 1068 1520 fastidiosum
1092 1475 1130 1520 ao
1152 1475 1282 1522 vescum
1304 1456 1414 1522 515555

308 1653 354 1711 555
391 1644 454 1710 5151
476 1647 623 1728 portenta
645 1643 825 1728 anguisque
848 1644 988 1710 volucris
1010 1663 1049 1709 ao
1071 1644 1222 1728 pinnatos
1245 1644 1395 1711 scribitis.

398 1852 584 1917 paucorum,
608 1837 706 1916 atque
729 1831 791 1897 hoo
812 1837 907 1917 pacto
931 1831 958 1896 si
981 1831 1028 1895 nil
1051 1837 1160 1915 gustat
1182 1832 1420 1919 internundino,

368 2057 433 2113 568.
474 2053 588 2111 Nonius
609 2072 638 2129 p.
652 2050 720 2127 435,
738 2050 771 2111 15
794 2051 932 2111 “Bellum
954 2059 984 2112 55
1005 2053 1146 2129 proelium
1172 2053 1229 2112 hoc
1255 2053 1394 2112 differunt
1420 2054 1502 2129 quod

290 2148 404 2224 proelia
424 2153 525 2223 partes
548 2150 617 2206 sunt
636 2148 716 2220 belii,
738 2146 794 2204 hoc
815 2147 908 2205 estin
929 2147 1009 2206 bello
1031 2149 1268 2222 congressiones,
1299 2148 1434 2207 Lucilius
1451 2149 1500 2206 lib.

289 2260 362 2298 xxvr
383 2239 425 2299 ‘ut
440 2289 445 2300 .
459 2287 465 2300 .
479 2287 484 2299 .
496 2241 628 2301 omnia'.’'
724 2241 807 2300 Idem
827 2259 856 2317 p.
869 2243 936 2316 420,
951 2240 986 2301 25
1010 2240 1085 2300 “Vis
1108 2249 1155 2301 est
1175 2244 1253 2301 celer
1272 2241 1409 2319 impetus.
1440 2244 1501 2301 Lu-

292 2333 379 2394 511155
398 2335 449 2393 lib.
464 2355 537 2393 xxvi
559 2335 705 2394 ‘romanus
727 2335 855 2412 populns
878 2336 971 2394 victus
992 2337 1035 2392 ocl
1055 2345 1211 2412 superatus
1232 2336 1388 2413 praeliis’.”
1425 2385 1428 2392 ,

367 2427 431 2488 550.
471 2429 587 2488 Nonius
608 2449 637 2506 p.
656 2432 719 2503 186,
735 2431 772 2487 30
794 2428 960 2488 “Viriatum
982 2427 1092 2487 dictum
1119 2427 1165 2490 555
1188 2447 1363 2506 magnarum
1388 2429 1501 2491 virium.

289 2522 424 2581 Lucilius
445 2524 584 2582 iib.xxv1
606 2524 721 2583 ‘contra
742 2523 886 2598 flagitium
907 2509 1020 2582 nescire
1037 2526 1267 2584 ...annibaie'.’'

368 2614 433 2675 552,
474 2617 589 2676 Ν55155
611 2637 640 2694 p.
657 2620 722 2691 255,
740 2619 776 2675 14
796 2617 948 2693 “Grepare
962 2623 1007 2675 est
1022 2634 1137 2677 sonare.
1159 2662 1204 2676 ...
1220 2617 1352 2676 Lucilius
1366 2618 1415 2678 lib.
1428 2639 1502 2677 xxvi

289 2709 446 2785 ‘percrepa
468 2728 599 2786 pugnarn
618 2729 747 2767 nonnum
763 2711 928 2770 ...eane’.''

367 2801 431 2862 553.
474 2804 590 2862 Nonius
613 2823 643 2880 p.
661 2807 724 2878 183,
739 2806 775 2861 30
796 2801 995 2877 “Vegrandc,
1022 2801 1109 2860 valde
1130 2803 1253 2876 grande.
1295 2806 1428 2864 Lucilius
1450 2808 1501 2866 lib.

288 2915 361 2954 xxm
382 2896 451 2955 ‘uon
468 2897 646 2956 ...datur'.''
733 2897 816 2956 Idem
837 2915 866 2972 p.
881 2894 946 2968 295,
961 2898 996 2955 31
1019 2895 1178 2972 “Ecierre,
1203 2898 1305 2972 edere,
1327 2901 1501 2976 provehere.

291 3035 296 3046 .
311 3035 316 3048 .
330 3035 336 3048 .
348 2989 480 3047 Lucilius
502 2991 553 3049 lib.
568 3010 644 3049 xxvi
666 2989 733 3049 ‘nou
749 2990 957 3050 ...extollitur
976 2991 1055 3046 volite
1073 2991 1116 3046 cel
1136 2992 1242 3064 grandi
1264 2993 1400 3052 datur’.”'

365 3083 431 3142 554.
471 3085 586 3143 Nonius
608 3104 636 3162 p.
655 3088 717 3159 186,
733 3088 770 3143 32
792 3083 1132 3158 “Vescum,-minutum,
1159 3087 1326 3146 obscurum.
1367 3086 1501 3147 Lucilius

288 3178 426 3236 iib.xxvr
454 3177 551 3254 ‘quam
567 3223 591 3238 ..
608 3197 745 3240 .vescum
773 3197 831 3236 eum
851 3180 971 3254 fastidio
999 3178 1132 3236 vivere’.”
1225 3178 1340 3239 Gellius
1367 3180 1502 3256 Sulpicio

208 3334 213 3346 Ι
289 3272 466 3346 Apollinare
483 3280 603 3331 auctore
617 3293 678 3346 xvr,
693 3276 710 3332 5
734 3271 851 3331 “Aliter
870 3273 945 3330 enim
960 3272 1116 3331 Lucretius
1130 3289 1248 3332 vescum
1265 3276 1356 3333 salem
1379 3275 1450 3333 dicit
1463 3293 1502 3333 ex

289 3365 396 3423 edendi
416 3366 587 3440 intentione,
609 3367 694 3425 aliter
714 3366 848 3424 Lucilius
863 3383 982 3424 vescum
999 3366 1132 3442 appellat
1146 3385 1212 3424 cum
1225 3367 1332 3426 edendi
1353 3367 1501 3426 fastidio.’'

370 3457 435 3518 555.
476 3459 592 3519 Nonius
613 3479 642 3536 p.
660 3462 774 3533 191,19
796 3458 941 3534 “Angues
963 3460 1124 3518 masculino
1145 3478 1252 3534 genere
1280 3461 1338 3519 dici
1354 3460 1500 3519 ...Luci-

288 3552 343 3609 lius
366 3553 416 3610 lib.
431 3573 504 3611 xxur
526 3552 592 3612 ‘nisi
608 3599 613 3612 .
627 3600 633 3613 .
648 3599 654 3610 .
668 3553 832 3612 scribitis’.”
909 3553 996 3614 Idem
1016 3573 1044 3629 p.
1061 3553 1157 3627 4355
1180 3555 1355 3630 “Ρ5555555,
1383 3561 1502 3614 5555555

290 3663 367 3722 qnae
384 3645 495 3722 ailquid
510 3649 649 3707 inminere
668 3645 844 3722 significant.
875 3647 1009 3707 Lucilius
1027 3648 1077 3706 lib.
1088 3667 1162 3705 xxvr
1183 3648 1248 3708 ‘nisi
1263 3649 1441 3712 ...uolucres
1455 3693 1462 3710 .
1474 3696 1500 3709 ..

290 3739 460 3799 scribitis'.''

367 3833 432 3893 556.
472 3834 589 3893 Ν55155
607 3853 636 3911 p.
649 3837 713 3909 215,
723 3836 758 3892 25
773 3833 952 3893 “Nundinae
967 3837 1083 3910 generis
1098 3843 1166 3895 sunt
1179 3837 1318 3896 feminini.
1383 3853 1500 3896 mascu-

287 3927 348 3986 lini.
380 3927 512 3988 Lucilius
533 3929 583 3988 iib.
597 3946 671 3984 xxvr
692 3926 862 4002 ‘paucorum
879 3973 885 3987 .
899 3973 905 3985 .
917 3973 923 3986 .
936 3929 1004 3986 55551
1017 3975 1023 3988 .
1037 3976 1043 3988 .
1056 3930 1151 3988 ,15555
1172 3929 1345 3994 nundiuo',''

289 4065 490 4077 *...-..—

365 4141 431 4200 550.
470 4139 638 4201 Viriathum
665 4140 842 4202 Lusitanum
862 4142 977 4201 Nonius
1006 4159 1063 4200 non
1093 4149 1225 4203 5555555.
1274 4144 1402 4204 fortasse
1428 4146 1499 4204 scri-

288 4218 416 4276 bendum
438 4226 485 4279 est
508 4221 612 4278 Contra
625 4221 766 4294 flagitium
785 4231 896 4277 nostrae
916 4237 954 4276 re.

365 4294 430 4354 552.
472 4296 608 4371 Pugnam
629 4297 672 4354 M.
693 4295 812 4370 Popillii
835 4296 986 4368 Laenatis,
1008 4314 1068 4371 qua
1087 4297 1181 4356 vietus
1203 4301 1251 4355 555
1271 4317 1288 4355 5
1308 4299 1499 4360 Numantinis

290 4389 367 4432 anuo
390 4373 427 4430 ab
449 4374 521 4430 urbe
543 4374 663 4431 condita
676 4374 741 4443 616,
762 4373 873 4431 bellum
895 4374 932 4430 ab
955 4373 1099 4431 Africano
1121 4375 1286 4433 coniectum
1309 4394 1385 4436 antro
1402 4380 1467 4437 621.
