<?xml version="1.0" encoding="UTF-8"?>
<!DOCTYPE html PUBLIC "-//W3C//DTD XHTML 1.0 Transitional//EN"
    "http://www.w3.org/TR/xhtml1/DTD/xhtml1-transitional.dtd">
<html xmlns="http://www.w3.org/1999/xhtml" xml:lang="en" lang="en">
 <head>
  <title>
</title>
<meta http-equiv="Content-Type" content="text/html;charset=utf-8" />
  <meta name='ocr-system' content='tesseract 3.04.00' />
  <meta name='ocr-capabilities' content='ocr_page ocr_carea ocr_par ocr_line ocrx_word'/>
</head>
<body>
  <div class='ocr_page' id='page_1' title='image "./saturarum00lucigoog_0058.png"; bbox 0 0 3300 5166; ppageno 0'>
   <div class='ocr_carea' id='block_1_1' title="bbox 716 356 756 404">
    <p class='ocr_par' dir='ltr' id='par_1_1' title="bbox 716 356 756 404">
     <span class='ocr_line' id='line_1_1' title="bbox 716 356 756 404; baseline 0 0"><span class='ocrx_word' id='word_1_1' title='bbox 716 356 756 404; x_wconf 86' lang='lat' dir='ltr'>XI</span> 
     </span>
    </p>
   </div>
   <div class='ocr_carea' id='block_1_2' title="bbox 234 519 1109 771">
    <p class='ocr_par' dir='ltr' id='par_1_2' title="bbox 234 519 1109 771">
     <span class='ocr_line' id='line_1_2' title="bbox 234 519 1006 612; baseline 0.006 -27"><span class='ocrx_word' id='word_1_2' title='bbox 234 519 408 607; x_wconf 86' lang='lat' dir='ltr'>[oonsellas</span> <span class='ocrx_word' id='word_1_3' title='bbox 432 541 561 607; x_wconf 86' lang='lat' dir='ltr'>quoque</span> <span class='ocrx_word' id='word_1_4' title='bbox 583 521 702 588; x_wconf 85' lang='lat' dir='ltr'>validis</span> <span class='ocrx_word' id='word_1_5' title='bbox 726 523 877 592; x_wconf 84' lang='lat' dir='ltr'>infinibus</span> <span class='ocrx_word' id='word_1_6' title='bbox 899 523 1006 612; x_wconf 84' lang='lat' dir='ltr'>aptas]</span> 
     </span>
     <span class='ocr_line' id='line_1_3' title="bbox 234 682 1109 771; baseline 0.006 -24"><span class='ocrx_word' id='word_1_7' title='bbox 234 682 392 767; x_wconf 87' lang='lat' dir='ltr'>improbu’</span> <span class='ocrx_word' id='word_1_8' title='bbox 418 683 582 750; x_wconf 88' lang='lat' dir='ltr'>oonfidens</span> <span class='ocrx_word' id='word_1_9' title='bbox 604 704 743 771; x_wconf 86' lang='lat' dir='ltr'>nequam</span> <span class='ocrx_word' id='word_1_10' title='bbox 767 684 871 751; x_wconf 87' lang='lat' dir='ltr'>malus</span> <span class='ocrx_word' id='word_1_11' title='bbox 893 692 930 752; x_wconf 87' lang='lat' dir='ltr'>ut</span> <span class='ocrx_word' id='word_1_12' title='bbox 951 687 1109 754; x_wconf 83' lang='lat' dir='ltr'>videatur.</span> 
     </span>
    </p>
   </div>
   <div class='ocr_carea' id='block_1_3' title="bbox 144 841 1232 1036">
    <p class='ocr_par' dir='ltr' id='par_1_3' title="bbox 144 841 1232 1036">
     <span class='ocr_line' id='line_1_4' title="bbox 144 841 1156 934; baseline 0.009 -27"><span class='ocrx_word' id='word_1_13' title='bbox 144 849 195 907; x_wconf 82' lang='grc'>335</span> <span class='ocrx_word' id='word_1_14' title='bbox 235 843 348 910; x_wconf 89' lang='lat' dir='ltr'>horum</span> <span class='ocrx_word' id='word_1_15' title='bbox 370 851 419 909; x_wconf 82' lang='lat' dir='ltr'>est</span> <span class='ocrx_word' id='word_1_16' title='bbox 438 847 591 913; x_wconf 79' lang='lat' dir='ltr'>iudicium</span> <span class='ocrx_word' id='word_1_17' title='bbox 615 847 738 932; x_wconf 78' lang='lat' dir='ltr'>Crassi,</span> <span class='ocrx_word' id='word_1_18' title='bbox 761 841 796 912; x_wconf 86' lang='lat' dir='ltr'>ut</span> <span class='ocrx_word' id='word_1_19' title='bbox 818 846 1043 914; x_wconf 88' lang='lat' dir='ltr'>deseribsimus</span> <span class='ocrx_word' id='word_1_20' title='bbox 1066 856 1156 934; x_wconf 86' lang='lat' dir='ltr'>anle;</span> 
     </span>
     <span class='ocr_line' id='line_1_5' title="bbox 232 945 1232 1036; baseline 0.009 -25"><span class='ocrx_word' id='word_1_21' title='bbox 232 945 294 1012; x_wconf 88' lang='lat' dir='ltr'>hoe</span> <span class='ocrx_word' id='word_1_22' title='bbox 317 953 380 1032; x_wconf 85' lang='lat' dir='ltr'>est,</span> <span class='ocrx_word' id='word_1_23' title='bbox 405 949 483 1032; x_wconf 89' lang='lat' dir='ltr'>quid</span> <span class='ocrx_word' id='word_1_24' title='bbox 505 969 645 1035; x_wconf 82' lang='lat' dir='ltr'>sumam,</span> <span class='ocrx_word' id='word_1_25' title='bbox 669 950 747 1035; x_wconf 91' lang='lat' dir='ltr'>quid</span> <span class='ocrx_word' id='word_1_26' title='bbox 769 968 850 1036; x_wconf 90' lang='lat' dir='ltr'>non,</span> <span class='ocrx_word' id='word_1_27' title='bbox 874 951 908 1016; x_wconf 93' lang='lat' dir='ltr'>in</span> <span class='ocrx_word' id='word_1_28' title='bbox 930 970 1058 1035; x_wconf 89' lang='lat' dir='ltr'>quoque</span> <span class='ocrx_word' id='word_1_29' title='bbox 1080 954 1232 1020; x_wconf 85' lang='lat' dir='ltr'>looemus.</span> 
     </span>
    </p>
   </div>
   <div class='ocr_carea' id='block_1_4' title="bbox 234 1107 1013 1193">
    <p class='ocr_par' dir='ltr' id='par_1_4' title="bbox 234 1107 1013 1193">
     <span class='ocr_line' id='line_1_6' title="bbox 234 1107 1013 1193; baseline 0.008 -21"><span class='ocrx_word' id='word_1_30' title='bbox 234 1127 331 1193; x_wconf 87' lang='lat' dir='ltr'>quarn</span> <span class='ocrx_word' id='word_1_31' title='bbox 353 1109 404 1174; x_wconf 86' lang='lat' dir='ltr'>vis</span> <span class='ocrx_word' id='word_1_32' title='bbox 427 1107 594 1176; x_wconf 87' lang='lat' dir='ltr'>desubito</span> <span class='ocrx_word' id='word_1_33' title='bbox 617 1109 710 1177; x_wconf 78' lang='lat' dir='ltr'>trinis</span> <span class='ocrx_word' id='word_1_34' title='bbox 733 1109 892 1178; x_wconf 87' lang='lat' dir='ltr'>deduoere</span> <span class='ocrx_word' id='word_1_35' title='bbox 914 1112 1013 1179; x_wconf 84' lang='lat' dir='ltr'>soalis</span> 
     </span>
    </p>
   </div>
   <div class='ocr_carea' id='block_1_5' title="bbox 233 1269 919 1356">
    <p class='ocr_par' dir='ltr' id='par_1_5' title="bbox 233 1269 919 1356">
     <span class='ocr_line' id='line_1_7' title="bbox 233 1269 919 1356; baseline 0.006 -22"><span class='ocrx_word' id='word_1_36' title='bbox 233 1289 318 1355; x_wconf 88' lang='lat' dir='ltr'>pone</span> <span class='ocrx_word' id='word_1_37' title='bbox 340 1270 513 1356; x_wconf 83' lang='lat' dir='ltr'>paludatus</span> <span class='ocrx_word' id='word_1_38' title='bbox 535 1269 642 1338; x_wconf 84' lang='lat' dir='ltr'>stabat</span> <span class='ocrx_word' id='word_1_39' title='bbox 663 1273 796 1339; x_wconf 83' lang='lat' dir='ltr'>rorariu’</span> <span class='ocrx_word' id='word_1_40' title='bbox 820 1274 919 1340; x_wconf 88' lang='lat' dir='ltr'>veles.</span> 
     </span>
    </p>
   </div>
   <div class='ocr_carea' id='block_1_6' title="bbox 237 1429 1313 1528">
    <p class='ocr_par' dir='ltr' id='par_1_6' title="bbox 237 1429 1313 1528">
     <span class='ocr_line' id='line_1_8' title="bbox 237 1429 1313 1528; baseline 0.008 -34"><span class='ocrx_word' id='word_1_41' title='bbox 237 1429 333 1496; x_wconf 81' lang='lat' dir='ltr'>‘nae’.</span> <span class='ocrx_word' id='word_1_42' title='bbox 378 1450 480 1528; x_wconf 86' lang='lat' dir='ltr'>quern¹</span> <span class='ocrx_word' id='word_1_43' title='bbox 494 1433 528 1498; x_wconf 92' lang='lat' dir='ltr'>in</span> <span class='ocrx_word' id='word_1_44' title='bbox 551 1454 625 1501; x_wconf 87' lang='lat' dir='ltr'>aree</span> <span class='ocrx_word' id='word_1_45' title='bbox 647 1436 763 1502; x_wconf 85' lang='lat' dir='ltr'>bovem</span> <span class='ocrx_word' id='word_1_46' title='bbox 785 1434 956 1521; x_wconf 82' lang='lat' dir='ltr'>disoerpsil</span> <span class='ocrx_word' id='word_1_47' title='bbox 990 1438 1176 1523; x_wconf 81' lang='lat' dir='ltr'>‘magnifiee&#39;</span> <span class='ocrx_word' id='word_1_48' title='bbox 1199 1439 1313 1524; x_wconf 80' lang='lat' dir='ltr'>inquit.</span> 
     </span>
    </p>
   </div>
   <div class='ocr_carea' id='block_1_7' title="bbox 696 1703 762 1785">
    <p class='ocr_par' dir='ltr' id='par_1_7' title="bbox 696 1703 762 1785">
     <span class='ocr_line' id='line_1_9' title="bbox 696 1703 762 1785; baseline 0.015 -1"><span class='ocrx_word' id='word_1_49' title='bbox 696 1703 762 1785; x_wconf 90' lang='lat' dir='ltr'>XI</span> 
     </span>
    </p>
   </div>
   <div class='ocr_carea' id='block_1_8' title="bbox 125 1869 1077 2096">
    <p class='ocr_par' dir='ltr' id='par_1_8' title="bbox 125 1869 1077 2096">
     <span class='ocr_line' id='line_1_10' title="bbox 125 1869 1077 1991; baseline 0.006 -21"><span class='ocrx_word' id='word_1_50' title='bbox 125 1904 203 1970; x_wconf 79' lang='grc'><strong>*340</strong></span> <span class='ocrx_word' id='word_1_51' title='bbox 237 1902 411 1990; x_wconf 77' lang='lat' dir='ltr'>Scipiadae</span> <span class='ocrx_word' id='word_1_52' title='bbox 434 1924 553 1987; x_wconf 84' lang='lat' dir='ltr'>magno</span> <span class='ocrx_word' id='word_1_53' title='bbox 576 1905 742 1991; x_wconf 89' lang='lat' dir='ltr'>improbus</span> <span class='ocrx_word' id='word_1_54' title='bbox 765 1869 926 1974; x_wconf 80' lang='lat' dir='ltr'>obiciebat</span> <span class='ocrx_word' id='word_1_55' title='bbox 947 1910 1077 1976; x_wconf 79' lang='lat' dir='ltr'>Asellus</span> 
     </span>
     <span class='ocr_line' id='line_1_11' title="bbox 234 2006 1076 2096; baseline 0.007 -25"><span class='ocrx_word' id='word_1_56' title='bbox 234 2006 368 2072; x_wconf 84' lang='lat' dir='ltr'>lustrum</span> <span class='ocrx_word' id='word_1_57' title='bbox 391 2006 447 2072; x_wconf 93' lang='lat' dir='ltr'>illo</span> <span class='ocrx_word' id='word_1_58' title='bbox 471 2027 604 2074; x_wconf 78' lang='lat' dir='ltr'>censore</span> <span class='ocrx_word' id='word_1_59' title='bbox 627 2007 746 2074; x_wconf 89' lang='lat' dir='ltr'>malum</span> <span class='ocrx_word' id='word_1_60' title='bbox 769 2009 945 2096; x_wconf 80' lang='lat' dir='ltr'>infelixque</span> <span class='ocrx_word' id='word_1_61' title='bbox 968 2011 1076 2078; x_wconf 87' lang='lat' dir='ltr'>fuisse.</span> 
     </span>
    </p>
   </div>
   <div class='ocr_carea' id='block_1_9' title="bbox 122 2239 1395 3821">
    <p class='ocr_par' dir='ltr' id='par_1_9' title="bbox 125 2239 1395 2506">
     <span class='ocr_line' id='line_1_12' title="bbox 203 2239 1334 2319; baseline 0.004 -21"><span class='ocrx_word' id='word_1_62' title='bbox 203 2241 269 2298; x_wconf 85' lang='lat'>333.</span> <span class='ocrx_word' id='word_1_63' title='bbox 309 2239 426 2299; x_wconf 92' lang='lat' dir='ltr'>Nonius</span> <span class='ocrx_word' id='word_1_64' title='bbox 452 2254 481 2316; x_wconf 90' lang='lat' dir='ltr'>p.</span> <span class='ocrx_word' id='word_1_65' title='bbox 501 2243 572 2315; x_wconf 80' lang='lat'><em>235,</em></span> <span class='ocrx_word' id='word_1_66' title='bbox 592 2245 610 2300; x_wconf 84' lang='lat'>2</span> <span class='ocrx_word' id='word_1_67' title='bbox 637 2241 777 2318; x_wconf 84' lang='lat' dir='ltr'>“Aptnm</span> <span class='ocrx_word' id='word_1_68' title='bbox 802 2258 915 2302; x_wconf 85' lang='lat' dir='ltr'>rursum</span> <span class='ocrx_word' id='word_1_69' title='bbox 939 2257 1084 2301; x_wconf 78' lang='lat' dir='ltr'>conexum</span> <span class='ocrx_word' id='word_1_70' title='bbox 1109 2248 1139 2302; x_wconf 86' lang='lat' dir='ltr'>et</span> <span class='ocrx_word' id='word_1_71' title='bbox 1163 2241 1334 2319; x_wconf 80' lang='lat' dir='ltr'>colligatum</span> 
     </span>
     <span class='ocr_line' id='line_1_13' title="bbox 126 2333 1334 2413; baseline 0.002 -20"><span class='ocrx_word' id='word_1_72' title='bbox 126 2333 282 2408; x_wconf 78' lang='lat' dir='ltr'>significat.</span> <span class='ocrx_word' id='word_1_73' title='bbox 358 2333 492 2394; x_wconf 76' lang='lat' dir='ltr'>Lucilius</span> <span class='ocrx_word' id='word_1_74' title='bbox 512 2341 676 2411; x_wconf 81' lang='lat' dir='ltr'>satyrarum</span> <span class='ocrx_word' id='word_1_75' title='bbox 694 2337 769 2396; x_wconf 88' lang='lat' dir='ltr'>libro</span> <span class='ocrx_word' id='word_1_76' title='bbox 784 2355 805 2393; x_wconf 89' lang='lat' dir='ltr'>x</span> <span class='ocrx_word' id='word_1_77' title='bbox 825 2335 983 2394; x_wconf 84' lang='lat' dir='ltr'>‘eonsellss</span> <span class='ocrx_word' id='word_1_78' title='bbox 1005 2354 1123 2413; x_wconf 89' lang='lat' dir='ltr'>quoque</span> <span class='ocrx_word' id='word_1_79' title='bbox 1143 2337 1249 2397; x_wconf 84' lang='lat' dir='ltr'>validis</span> <span class='ocrx_word' id='word_1_80' title='bbox 1270 2338 1334 2396; x_wconf 90' lang='lat' dir='ltr'>infi-</span> 
     </span>
     <span class='ocr_line' id='line_1_14' title="bbox 125 2428 1395 2506; baseline 0.003 -20"><span class='ocrx_word' id='word_1_81' title='bbox 125 2429 212 2488; x_wconf 88' lang='lat' dir='ltr'>nibus</span> <span class='ocrx_word' id='word_1_82' title='bbox 234 2428 421 2504; x_wconf 77' lang='lat' dir='ltr'>(proeoolidr&#39;s</span> <span class='ocrx_word' id='word_1_83' title='bbox 439 2433 469 2486; x_wconf 82' lang='lat' dir='ltr'>ia</span> <span class='ocrx_word' id='word_1_84' title='bbox 480 2431 596 2504; x_wconf 78' lang='lat' dir='ltr'>sonibus</span> <span class='ocrx_word' id='word_1_85' title='bbox 616 2428 710 2489; x_wconf 80' lang='lat' dir='ltr'>‘retus</span> <span class='ocrx_word' id='word_1_86' title='bbox 731 2431 814 2490; x_wconf 60' lang='lat' dir='ltr'>liber&#39;</span> <span class='ocrx_word' id='word_1_87' title='bbox 836 2432 885 2489; x_wconf 83' lang='lat' dir='ltr'>Fr.</span> <span class='ocrx_word' id='word_1_88' title='bbox 908 2429 1040 2505; x_wconf 81' lang='lat' dir='ltr'>Dousae)</span> <span class='ocrx_word' id='word_1_89' title='bbox 1061 2432 1183 2506; x_wconf 80' lang='lat' dir='ltr'>aplns&#39;.”</span> <span class='ocrx_word' id='word_1_90' title='bbox 1393 2434 1395 2438; x_wconf 80' lang='grc'><strong>’</strong></span> 
     </span>
    </p>

    <p class='ocr_par' dir='ltr' id='par_1_10' title="bbox 124 2521 1335 2694">
     <span class='ocr_line' id='line_1_15' title="bbox 204 2521 1335 2608; baseline 0.004 -27"><span class='ocrx_word' id='word_1_91' title='bbox 204 2523 270 2581; x_wconf 90' lang='grc'><strong>334.</strong></span> <span class='ocrx_word' id='word_1_92' title='bbox 311 2521 428 2581; x_wconf 92' lang='lat' dir='ltr'>Nonius</span> <span class='ocrx_word' id='word_1_93' title='bbox 449 2541 478 2598; x_wconf 91' lang='lat' dir='ltr'>p.</span> <span class='ocrx_word' id='word_1_94' title='bbox 494 2525 610 2608; x_wconf 32' lang='lat'>262211</span> <span class='ocrx_word' id='word_1_95' title='bbox 629 2522 848 2584; x_wconf 60' lang='lat' dir='ltr'>“Confidentiae</span> <span class='ocrx_word' id='word_1_96' title='bbox 872 2541 983 2582; x_wconf 87' lang='lat' dir='ltr'>rursum</span> <span class='ocrx_word' id='word_1_97' title='bbox 1009 2524 1186 2598; x_wconf 79' lang='lat' dir='ltr'>temerites‚·</span> <span class='ocrx_word' id='word_1_98' title='bbox 1199 2525 1335 2586; x_wconf 82' lang='lat' dir='ltr'>audacia.</span> 
     </span>
     <span class='ocr_line' id='line_1_16' title="bbox 124 2616 1060 2694; baseline 0 -20"><span class='ocrx_word' id='word_1_99' title='bbox 124 2617 275 2676; x_wconf 84' lang='lat' dir='ltr'>Peenrius</span> <span class='ocrx_word' id='word_1_100' title='bbox 343 2618 414 2674; x_wconf 82' lang='lat' dir='ltr'>idem</span> <span class='ocrx_word' id='word_1_101' title='bbox 434 2617 485 2676; x_wconf 86' lang='lat' dir='ltr'>lib.</span> <span class='ocrx_word' id='word_1_102' title='bbox 501 2635 522 2672; x_wconf 86' lang='lat' dir='ltr'><strong>x</strong></span> <span class='ocrx_word' id='word_1_103' title='bbox 543 2617 704 2694; x_wconf 84' lang='lat' dir='ltr'>‘improbus</span> <span class='ocrx_word' id='word_1_104' title='bbox 768 2637 870 2676; x_wconf 76' lang='lat' dir='ltr'>nunus</span> <span class='ocrx_word' id='word_1_105' title='bbox 892 2616 1060 2677; x_wconf 82' lang='lat' dir='ltr'>videatur&#39;.”</span> 
     </span>
    </p>

    <p class='ocr_par' dir='ltr' id='par_1_11' title="bbox 125 2709 1335 2958">
     <span class='ocr_line' id='line_1_17' title="bbox 204 2709 1333 2788; baseline 0.002 -19"><span class='ocrx_word' id='word_1_106' title='bbox 204 2712 269 2769; x_wconf 83' lang='grc'><strong>335.</strong></span> <span class='ocrx_word' id='word_1_107' title='bbox 309 2709 425 2769; x_wconf 87' lang='lat' dir='ltr'>Nonius</span> <span class='ocrx_word' id='word_1_108' title='bbox 445 2729 474 2786; x_wconf 89' lang='lat' dir='ltr'>p.</span> <span class='ocrx_word' id='word_1_109' title='bbox 491 2713 558 2786; x_wconf 86' lang='lat'><strong>396,</strong></span> <span class='ocrx_word' id='word_1_110' title='bbox 575 2709 608 2770; x_wconf 99' lang='grc'>17</span> <span class='ocrx_word' id='word_1_111' title='bbox 622 2711 776 2774; x_wconf 81' lang='lat' dir='ltr'>,“Snmere</span> <span class='ocrx_word' id='word_1_112' title='bbox 796 2711 884 2772; x_wconf 80' lang='lat' dir='ltr'>etiam</span> <span class='ocrx_word' id='word_1_113' title='bbox 905 2711 1053 2786; x_wconf 79' lang='lat' dir='ltr'>signifieat</span> <span class='ocrx_word' id='word_1_114' title='bbox 1067 2713 1185 2788; x_wconf 82' lang='lat' dir='ltr'>eligere.</span> <span class='ocrx_word' id='word_1_115' title='bbox 1274 2711 1333 2771; x_wconf 91' lang='lat' dir='ltr'>Ln-</span> 
     </span>
     <span class='ocr_line' id='line_1_18' title="bbox 125 2804 1335 2881; baseline 0.001 -18"><span class='ocrx_word' id='word_1_116' title='bbox 125 2804 210 2863; x_wconf 90' lang='lat' dir='ltr'>eilius</span> <span class='ocrx_word' id='word_1_117' title='bbox 234 2811 399 2881; x_wconf 82' lang='lat' dir='ltr'>satyrarum</span> <span class='ocrx_word' id='word_1_118' title='bbox 419 2805 470 2865; x_wconf 90' lang='lat' dir='ltr'>lib.</span> <span class='ocrx_word' id='word_1_119' title='bbox 485 2823 506 2862; x_wconf 87' lang='lat' dir='ltr'>x</span> <span class='ocrx_word' id='word_1_120' title='bbox 527 2805 693 2864; x_wconf 77' lang='lat' dir='ltr'>‘uouonun</span> <span class='ocrx_word' id='word_1_121' title='bbox 715 2811 762 2864; x_wconf 82' lang='lat' dir='ltr'>est</span> <span class='ocrx_word' id='word_1_122' title='bbox 781 2805 920 2865; x_wconf 83' lang='lat' dir='ltr'>iudicium</span> <span class='ocrx_word' id='word_1_123' title='bbox 947 2823 1068 2864; x_wconf 69' lang='lat' dir='ltr'>crassus</span> <span class='ocrx_word' id='word_1_124' title='bbox 1087 2812 1121 2865; x_wconf 79' lang='lat' dir='ltr'>ut</span> <span class='ocrx_word' id='word_1_125' title='bbox 1140 2824 1335 2864; x_wconf 80' lang='lat' dir='ltr'>urseursruus</span> 
     </span>
     <span class='ocr_line' id='line_1_19' title="bbox 126 2898 353 2958; baseline -0.004 0"><span class='ocrx_word' id='word_1_126' title='bbox 126 2942 151 2958; x_wconf 91' lang='lat'>..</span> <span class='ocrx_word' id='word_1_127' title='bbox 165 2944 171 2957; x_wconf 93' lang='lat'>.</span> <span class='ocrx_word' id='word_1_128' title='bbox 185 2898 353 2958; x_wconf 83' lang='lat' dir='ltr'>loeemus&#39;.’&#39;</span> 
     </span>
    </p>

    <p class='ocr_par' dir='ltr' id='par_1_12' title="bbox 125 2989 1336 3162">
     <span class='ocr_line' id='line_1_20' title="bbox 205 2989 1336 3072; baseline 0.005 -22"><span class='ocrx_word' id='word_1_129' title='bbox 205 2989 271 3052; x_wconf 89' lang='grc'>337.</span> <span class='ocrx_word' id='word_1_130' title='bbox 311 2992 426 3052; x_wconf 90' lang='lat' dir='ltr'>Nonius</span> <span class='ocrx_word' id='word_1_131' title='bbox 441 2997 476 3069; x_wconf 84' lang='lat' dir='ltr'>p.</span> <span class='ocrx_word' id='word_1_132' title='bbox 493 2990 559 3068; x_wconf 84' lang='grc'><strong>517,</strong></span> <span class='ocrx_word' id='word_1_133' title='bbox 580 2995 618 3054; x_wconf 87' lang='grc'>30</span> <span class='ocrx_word' id='word_1_134' title='bbox 639 2992 704 3053; x_wconf 85' lang='lat' dir='ltr'>“De</span> <span class='ocrx_word' id='word_1_135' title='bbox 726 2993 834 3054; x_wconf 81' lang='lat' dir='ltr'>subito.</span> <span class='ocrx_word' id='word_1_136' title='bbox 855 2994 1049 3056; x_wconf 86' lang='lat' dir='ltr'>..Lucilius</span> <span class='ocrx_word' id='word_1_137' title='bbox 1065 3001 1229 3072; x_wconf 84' lang='lat' dir='ltr'>satyrarum</span> <span class='ocrx_word' id='word_1_138' title='bbox 1243 2995 1298 3055; x_wconf 90' lang='lat' dir='ltr'>lib.</span> <span class='ocrx_word' id='word_1_139' title='bbox 1313 3015 1336 3056; x_wconf 84' lang='lat' dir='ltr'>x</span> 
     </span>
     <span class='ocr_line' id='line_1_21' title="bbox 125 3085 1158 3162; baseline 0.003 -17"><span class='ocrx_word' id='word_1_140' title='bbox 125 3085 271 3162; x_wconf 83' lang='lat' dir='ltr'>‘quemvis</span> <span class='ocrx_word' id='word_1_141' title='bbox 294 3131 340 3146; x_wconf 87' lang='lat'>...</span> <span class='ocrx_word' id='word_1_142' title='bbox 356 3086 482 3149; x_wconf 87' lang='lat' dir='ltr'>sealis’.”</span> <span class='ocrx_word' id='word_1_143' title='bbox 1155 3092 1158 3097; x_wconf 83' lang='lat'>&#39;</span> 
     </span>
    </p>

    <p class='ocr_par' dir='ltr' id='par_1_13' title="bbox 201 3180 1335 3260">
     <span class='ocr_line' id='line_1_22' title="bbox 201 3180 1335 3260; baseline 0.003 -22"><span class='ocrx_word' id='word_1_144' title='bbox 201 3181 268 3240; x_wconf 90' lang='grc'><strong>338.</strong></span> <span class='ocrx_word' id='word_1_145' title='bbox 308 3181 424 3242; x_wconf 89' lang='lat' dir='ltr'>Nonius</span> <span class='ocrx_word' id='word_1_146' title='bbox 440 3199 469 3260; x_wconf 87' lang='lat' dir='ltr'>p.</span> <span class='ocrx_word' id='word_1_147' title='bbox 480 3184 547 3252; x_wconf 83' lang='lat'>553,</span> <span class='ocrx_word' id='word_1_148' title='bbox 561 3183 580 3240; x_wconf 86' lang='grc'><strong>4</strong></span> <span class='ocrx_word' id='word_1_149' title='bbox 601 3180 750 3242; x_wconf 78' lang='lat' dir='ltr'>“Rotarii.</span> <span class='ocrx_word' id='word_1_150' title='bbox 772 3180 909 3241; x_wconf 86' lang='lat' dir='ltr'>...idem</span> <span class='ocrx_word' id='word_1_151' title='bbox 927 3182 978 3243; x_wconf 94' lang='lat' dir='ltr'>lib.</span> <span class='ocrx_word' id='word_1_152' title='bbox 993 3201 1014 3239; x_wconf 89' lang='lat' dir='ltr'>x</span> <span class='ocrx_word' id='word_1_153' title='bbox 1034 3182 1122 3260; x_wconf 86' lang='lat' dir='ltr'>‘pone</span> <span class='ocrx_word' id='word_1_154' title='bbox 1197 3184 1335 3244; x_wconf 83' lang='lat' dir='ltr'>vnnox&#39;.”</span> 
     </span>
    </p>

    <p class='ocr_par' dir='ltr' id='par_1_14' title="bbox 122 3275 1336 3636">
     <span class='ocr_line' id='line_1_23' title="bbox 200 3275 1336 3353; baseline 0.004 -21"><span class='ocrx_word' id='word_1_155' title='bbox 200 3275 268 3334; x_wconf 87' lang='grc'><strong>339.</strong></span> <span class='ocrx_word' id='word_1_156' title='bbox 307 3275 444 3338; x_wconf 81' lang='lat' dir='ltr'>Donatus</span> <span class='ocrx_word' id='word_1_157' title='bbox 473 3275 513 3337; x_wconf 86' lang='lat' dir='ltr'>ad</span> <span class='ocrx_word' id='word_1_158' title='bbox 539 3276 673 3336; x_wconf 80' lang='lat' dir='ltr'>Terentii</span> <span class='ocrx_word' id='word_1_159' title='bbox 697 3275 843 3336; x_wconf 85' lang='lat' dir='ltr'>Andriam</span> <span class='ocrx_word' id='word_1_160' title='bbox 866 3295 904 3352; x_wconf 85' lang='grc' dir='ltr'>ιι,</span> <span class='ocrx_word' id='word_1_161' title='bbox 928 3280 942 3334; x_wconf 95' lang='grc'><strong>1</strong></span> <span class='ocrx_word' id='word_1_162' title='bbox 963 3295 992 3353; x_wconf 92' lang='lat' dir='ltr'>p.</span> <span class='ocrx_word' id='word_1_163' title='bbox 1007 3278 1045 3337; x_wconf 80' lang='lat'>38</span> <span class='ocrx_word' id='word_1_164' title='bbox 1071 3275 1156 3336; x_wconf 73' lang='lat' dir='ltr'>“Nae</span> <span class='ocrx_word' id='word_1_165' title='bbox 1182 3277 1238 3336; x_wconf 80' lang='lat' dir='ltr'>islo</span> <span class='ocrx_word' id='word_1_166' title='bbox 1263 3276 1336 3337; x_wconf 76' lang='lat' dir='ltr'>hant</span> 
     </span>
     <span class='ocr_line' id='line_1_24' title="bbox 124 3370 1335 3447; baseline 0.005 -21"><span class='ocrx_word' id='word_1_167' title='bbox 124 3384 240 3428; x_wconf 86' lang='lat' dir='ltr'>meeum</span> <span class='ocrx_word' id='word_1_168' title='bbox 262 3370 359 3431; x_wconf 76' lang='lat' dir='ltr'>sentis.</span> <span class='ocrx_word' id='word_1_169' title='bbox 399 3388 456 3431; x_wconf 85' lang='lat' dir='ltr'>nne</span> <span class='ocrx_word' id='word_1_170' title='bbox 477 3371 578 3444; x_wconf 80' lang='lat' dir='ltr'>uelde,</span> <span class='ocrx_word' id='word_1_171' title='bbox 604 3373 670 3443; x_wconf 84' lang='lat' dir='ltr'>eut,</span> <span class='ocrx_word' id='word_1_172' title='bbox 694 3370 866 3446; x_wconf 72' lang='lat' dir='ltr'>nequidem</span> <span class='ocrx_word' id='word_1_173' title='bbox 889 3372 1003 3444; x_wconf 81' lang='lat' dir='ltr'>volunt,</span> <span class='ocrx_word' id='word_1_174' title='bbox 1024 3386 1041 3428; x_wconf 93' lang='lat' dir='ltr'>o</span> <span class='ocrx_word' id='word_1_175' title='bbox 1062 3388 1159 3447; x_wconf 83' lang='lat' dir='ltr'>quam.</span> <span class='ocrx_word' id='word_1_176' title='bbox 1202 3371 1335 3433; x_wconf 81' lang='lat' dir='ltr'>Lucilius</span> 
     </span>
     <span class='ocr_line' id='line_1_25' title="bbox 122 3461 1334 3544; baseline 0.002 -23"><span class='ocrx_word' id='word_1_177' title='bbox 122 3464 154 3522; x_wconf 92' lang='lat' dir='ltr'>in</span> <span class='ocrx_word' id='word_1_178' title='bbox 168 3482 190 3520; x_wconf 88' lang='lat' dir='ltr'>x</span> <span class='ocrx_word' id='word_1_179' title='bbox 211 3462 277 3522; x_wconf 83' lang='lat' dir='ltr'>‘nee</span> <span class='ocrx_word' id='word_1_180' title='bbox 299 3463 344 3541; x_wconf 79' lang='lat' dir='ltr'>(ae</span> <span class='ocrx_word' id='word_1_181' title='bbox 357 3483 436 3542; x_wconf 81' lang='lat' dir='ltr'>qaam</span> <span class='ocrx_word' id='word_1_182' title='bbox 450 3463 568 3523; x_wconf 81' lang='lat' dir='ltr'>codices</span> <span class='ocrx_word' id='word_1_183' title='bbox 583 3463 693 3522; x_wconf 69' lang='lat' dir='ltr'>Falerni</span> <span class='ocrx_word' id='word_1_184' title='bbox 709 3465 747 3522; x_wconf 85' lang='lat' dir='ltr'>ed</span> <span class='ocrx_word' id='word_1_185' title='bbox 760 3464 892 3526; x_wconf 85' lang='lat' dir='ltr'>Andriae</span> <span class='ocrx_word' id='word_1_186' title='bbox 914 3464 987 3543; x_wconf 89' lang='lat' dir='ltr'>prol.</span> <span class='ocrx_word' id='word_1_187' title='bbox 1004 3461 1037 3523; x_wconf 95' lang='grc'>17</span> <span class='ocrx_word' id='word_1_188' title='bbox 1060 3471 1090 3524; x_wconf 81' lang='lat' dir='ltr'>et</span> <span class='ocrx_word' id='word_1_189' title='bbox 1103 3465 1171 3524; x_wconf 89' lang='lat' dir='ltr'>olim</span> <span class='ocrx_word' id='word_1_190' title='bbox 1186 3465 1334 3544; x_wconf 82' lang='lat' dir='ltr'>impressi)</span> 
     </span>
     <span class='ocr_line' id='line_1_26' title="bbox 124 3557 847 3636; baseline 0 -20"><span class='ocrx_word' id='word_1_191' title='bbox 124 3557 155 3616; x_wconf 89' lang='lat' dir='ltr'>in</span> <span class='ocrx_word' id='word_1_192' title='bbox 170 3603 177 3619; x_wconf 92' lang='lat'>.</span> <span class='ocrx_word' id='word_1_193' title='bbox 190 3603 197 3620; x_wconf 91' lang='lat'>.</span> <span class='ocrx_word' id='word_1_194' title='bbox 211 3604 219 3618; x_wconf 93' lang='lat'>.</span> <span class='ocrx_word' id='word_1_195' title='bbox 232 3557 379 3636; x_wconf 86' lang='lat' dir='ltr'>diseerpsi</span> <span class='ocrx_word' id='word_1_196' title='bbox 401 3560 544 3635; x_wconf 72' lang='lat' dir='ltr'>(desumpsi</span> <span class='ocrx_word' id='word_1_197' title='bbox 565 3559 646 3636; x_wconf 89' lang='lat' dir='ltr'>olim)</span> <span class='ocrx_word' id='word_1_198' title='bbox 660 3605 666 3618; x_wconf 93' lang='lat'>.</span> <span class='ocrx_word' id='word_1_199' title='bbox 678 3603 684 3618; x_wconf 92' lang='lat'>.</span> <span class='ocrx_word' id='word_1_200' title='bbox 698 3603 704 3617; x_wconf 94' lang='lat'>.</span> <span class='ocrx_word' id='word_1_201' title='bbox 716 3558 847 3635; x_wconf 79' lang='lat' dir='ltr'>inquie’.’&#39;</span> 
     </span>
    </p>

    <p class='ocr_par' dir='ltr' id='par_1_15' title="bbox 126 3650 1336 3821">
     <span class='ocr_line' id='line_1_27' title="bbox 204 3650 1336 3730; baseline -0.001 -18"><span class='ocrx_word' id='word_1_202' title='bbox 204 3653 270 3712; x_wconf 85' lang='lat'>340.</span> <span class='ocrx_word' id='word_1_203' title='bbox 312 3651 427 3716; x_wconf 80' lang='lat' dir='ltr'>Gellius</span> <span class='ocrx_word' id='word_1_204' title='bbox 448 3671 489 3726; x_wconf 81' lang='grc' dir='ltr'>ιν,</span> <span class='ocrx_word' id='word_1_205' title='bbox 512 3650 545 3711; x_wconf 90' lang='grc'>17</span> <span class='ocrx_word' id='word_1_206' title='bbox 567 3650 698 3711; x_wconf 85' lang='lat' dir='ltr'>“Lucilii</span> <span class='ocrx_word' id='word_1_207' title='bbox 719 3669 756 3711; x_wconf 83' lang='lat' dir='ltr'>ex</span> <span class='ocrx_word' id='word_1_208' title='bbox 775 3650 930 3712; x_wconf 80' lang='lat' dir='ltr'>undecimo</span> <span class='ocrx_word' id='word_1_209' title='bbox 951 3669 1052 3710; x_wconf 83' lang='lat' dir='ltr'>versus</span> <span class='ocrx_word' id='word_1_210' title='bbox 1079 3659 1147 3712; x_wconf 80' lang='lat' dir='ltr'>sunt</span> <span class='ocrx_word' id='word_1_211' title='bbox 1166 3651 1336 3730; x_wconf 77' lang='lat' dir='ltr'>‘Scipiadae</span> 
     </span>
     <span class='ocr_line' id='line_1_28' title="bbox 126 3743 1179 3821; baseline 0.001 -17"><span class='ocrx_word' id='word_1_212' title='bbox 126 3745 296 3808; x_wconf 81' lang='lat' dir='ltr'>...fuisse&#39;</span> <span class='ocrx_word' id='word_1_213' title='bbox 336 3745 487 3806; x_wconf 78' lang='lat' dir='ltr'>obiciebat</span> <span class='ocrx_word' id='word_1_214' title='bbox 507 3762 524 3804; x_wconf 96' lang='lat' dir='ltr'>o</span> <span class='ocrx_word' id='word_1_215' title='bbox 544 3744 631 3806; x_wconf 85' lang='lat' dir='ltr'>litera</span> <span class='ocrx_word' id='word_1_216' title='bbox 651 3743 799 3821; x_wconf 83' lang='lat' dir='ltr'>producte</span> <span class='ocrx_word' id='word_1_217' title='bbox 817 3746 924 3805; x_wconf 77' lang='lat' dir='ltr'>multos</span> <span class='ocrx_word' id='word_1_218' title='bbox 944 3744 1044 3820; x_wconf 87' lang='lat' dir='ltr'>legere</span> <span class='ocrx_word' id='word_1_219' title='bbox 1064 3743 1179 3805; x_wconf 81' lang='lat' dir='ltr'>nudio.”</span> 
     </span>
    </p>
   </div>
   <div class='ocr_carea' id='block_1_10' title="bbox 125 3887 329 3898">
    <p class='ocr_par' dir='ltr' id='par_1_16' title="bbox 125 3887 329 3898">
     <span class='ocr_line' id='line_1_29' title="bbox 125 3887 329 3898; baseline 0 0"><span class='ocrx_word' id='word_1_220' title='bbox 125 3887 329 3898; x_wconf 67' lang='grc' dir='ltr'>..ιιι-ι·-</span> 
     </span>
    </p>
   </div>
   <div class='ocr_carea' id='block_1_11' title="bbox 125 3961 1337 4502">
    <p class='ocr_par' dir='ltr' id='par_1_17' title="bbox 202 3961 566 4021">
     <span class='ocr_line' id='line_1_30' title="bbox 202 3961 566 4021; baseline 0 -1"><span class='ocrx_word' id='word_1_221' title='bbox 202 3964 268 4021; x_wconf 91' lang='grc'><strong>333.</strong></span> <span class='ocrx_word' id='word_1_222' title='bbox 310 3961 412 4020; x_wconf 90' lang='lat' dir='ltr'>Iunius</span> <span class='ocrx_word' id='word_1_223' title='bbox 434 3963 566 4020; x_wconf 78' lang='lat' dir='ltr'>tonsillas.</span> 
     </span>
    </p>

    <p class='ocr_par' dir='ltr' id='par_1_18' title="bbox 202 4037 1131 4113">
     <span class='ocr_line' id='line_1_31' title="bbox 202 4037 1131 4113; baseline 0.001 -17"><span class='ocrx_word' id='word_1_224' title='bbox 202 4040 268 4099; x_wconf 84' lang='lat'>335.</span> <span class='ocrx_word' id='word_1_225' title='bbox 309 4041 419 4098; x_wconf 79' lang='lat' dir='ltr'>Horum</span> <span class='ocrx_word' id='word_1_226' title='bbox 440 4037 575 4096; x_wconf 81' lang='lat' dir='ltr'>Rotbius.</span> <span class='ocrx_word' id='word_1_227' title='bbox 694 4039 886 4113; x_wconf 67' lang='lat' dir='ltr'>dampnamus</span> <span class='ocrx_word' id='word_1_228' title='bbox 905 4037 998 4097; x_wconf 88' lang='lat' dir='ltr'>Ianus</span> <span class='ocrx_word' id='word_1_229' title='bbox 1018 4038 1131 4097; x_wconf 84' lang='lat' dir='ltr'>Densa.</span> 
     </span>
    </p>

    <p class='ocr_par' dir='ltr' id='par_1_19' title="bbox 202 4115 775 4190">
     <span class='ocr_line' id='line_1_32' title="bbox 202 4115 775 4190; baseline 0.002 -17"><span class='ocrx_word' id='word_1_230' title='bbox 202 4117 268 4174; x_wconf 88' lang='lat'>338.</span> <span class='ocrx_word' id='word_1_231' title='bbox 309 4115 359 4174; x_wconf 81' lang='lat' dir='ltr'>Fr.</span> <span class='ocrx_word' id='word_1_232' title='bbox 380 4115 485 4175; x_wconf 84' lang='lat' dir='ltr'>Dones</span> <span class='ocrx_word' id='word_1_233' title='bbox 504 4115 581 4173; x_wconf 79' lang='lat' dir='ltr'>Pone</span> <span class='ocrx_word' id='word_1_234' title='bbox 597 4117 775 4190; x_wconf 81' lang='lat' dir='ltr'>paludatum.</span> 
     </span>
    </p>

    <p class='ocr_par' dir='ltr' id='par_1_20' title="bbox 125 4185 1337 4424">
     <span class='ocr_line' id='line_1_33' title="bbox 204 4185 1336 4253; baseline -0.004 -3"><span class='ocrx_word' id='word_1_235' title='bbox 204 4192 269 4253; x_wconf 84' lang='lat'>339.</span> <span class='ocrx_word' id='word_1_236' title='bbox 311 4195 356 4250; x_wconf 79' lang='lat' dir='ltr'>Ne</span> <span class='ocrx_word' id='word_1_237' title='bbox 370 4191 585 4251; x_wconf 78' lang='lat' dir='ltr'>adfirmativum</span> <span class='ocrx_word' id='word_1_238' title='bbox 606 4193 636 4250; x_wconf 91' lang='lat' dir='ltr'>in</span> <span class='ocrx_word' id='word_1_239' title='bbox 652 4190 697 4249; x_wconf 90' lang='lat' dir='ltr'>his</span> <span class='ocrx_word' id='word_1_240' title='bbox 712 4193 809 4251; x_wconf 86' lang='lat' dir='ltr'>locum</span> <span class='ocrx_word' id='word_1_241' title='bbox 823 4207 881 4249; x_wconf 90' lang='lat' dir='ltr'>non</span> <span class='ocrx_word' id='word_1_242' title='bbox 893 4189 1007 4252; x_wconf 87' lang='lat' dir='ltr'>habere</span> <span class='ocrx_word' id='word_1_243' title='bbox 1024 4191 1126 4249; x_wconf 77' lang='lat' dir='ltr'>docuit</span> <span class='ocrx_word' id='word_1_244' title='bbox 1138 4189 1215 4249; x_wconf 81' lang='lat' dir='ltr'>Alfr.</span> <span class='ocrx_word' id='word_1_245' title='bbox 1232 4185 1336 4247; x_wconf 83' lang='lat' dir='ltr'>Fleck-</span> 
     </span>
     <span class='ocr_line' id='line_1_34' title="bbox 125 4265 1337 4346; baseline -0.003 -18"><span class='ocrx_word' id='word_1_246' title='bbox 125 4269 255 4328; x_wconf 87' lang='lat' dir='ltr'>eisenins</span> <span class='ocrx_word' id='word_1_247' title='bbox 276 4268 306 4327; x_wconf 91' lang='lat' dir='ltr'>in</span> <span class='ocrx_word' id='word_1_248' title='bbox 326 4267 491 4344; x_wconf 81' lang='lat' dir='ltr'>Philologo</span> <span class='ocrx_word' id='word_1_249' title='bbox 511 4266 729 4329; x_wconf 81' lang='lat' dir='ltr'>Schneidewini</span> <span class='ocrx_word' id='word_1_250' title='bbox 748 4287 771 4325; x_wconf 91' lang='lat'>11</span> <span class='ocrx_word' id='word_1_251' title='bbox 791 4286 821 4344; x_wconf 87' lang='lat' dir='ltr'>p.</span> <span class='ocrx_word' id='word_1_252' title='bbox 836 4270 882 4327; x_wconf 85' lang='lat'>68.</span> <span class='ocrx_word' id='word_1_253' title='bbox 914 4267 969 4328; x_wconf 88' lang='lat' dir='ltr'>sed</span> <span class='ocrx_word' id='word_1_254' title='bbox 989 4266 1042 4327; x_wconf 80' lang='grc' dir='ltr'>ναί</span> <span class='ocrx_word' id='word_1_255' title='bbox 1061 4265 1208 4328; x_wconf 77' lang='lat' dir='ltr'>Graecum</span> <span class='ocrx_word' id='word_1_256' title='bbox 1228 4266 1337 4346; x_wconf 78' lang='lat' dir='ltr'>optime</span> 
     </span>
     <span class='ocr_line' id='line_1_35' title="bbox 125 4344 886 4424; baseline -0.003 -18"><span class='ocrx_word' id='word_1_257' title='bbox 125 4345 265 4406; x_wconf 77' lang='lat' dir='ltr'>conuenit</span> <span class='ocrx_word' id='word_1_258' title='bbox 285 4345 407 4424; x_wconf 81' lang='lat' dir='ltr'>gloriosi</span> <span class='ocrx_word' id='word_1_259' title='bbox 429 4362 495 4404; x_wconf 86' lang='lat' dir='ltr'>eum</span> <span class='ocrx_word' id='word_1_260' title='bbox 516 4344 707 4406; x_wconf 71' lang='lat' dir='ltr'>adsentatores</span> <span class='ocrx_word' id='word_1_261' title='bbox 728 4345 886 4421; x_wconf 79' lang='lat' dir='ltr'>colloquio.</span> 
     </span>
    </p>

    <p class='ocr_par' dir='ltr' id='par_1_21' title="bbox 202 4420 831 4502">
     <span class='ocr_line' id='line_1_36' title="bbox 202 4420 831 4502; baseline -0.002 -18"><span class='ocrx_word' id='word_1_262' title='bbox 202 4423 267 4484; x_wconf 87' lang='grc'><strong>340.</strong></span> <span class='ocrx_word' id='word_1_263' title='bbox 286 4421 305 4463; x_wconf 85' lang='grc'><strong>*</strong></span> <span class='ocrx_word' id='word_1_264' title='bbox 322 4420 411 4484; x_wconf 85' lang='lat' dir='ltr'>Conf.</span> <span class='ocrx_word' id='word_1_265' title='bbox 434 4439 538 4484; x_wconf 83' lang='lat' dir='ltr'>eornm.</span> <span class='ocrx_word' id='word_1_266' title='bbox 558 4423 588 4482; x_wconf 90' lang='lat' dir='ltr'>in</span> <span class='ocrx_word' id='word_1_267' title='bbox 609 4423 699 4484; x_wconf 87' lang='lat' dir='ltr'>Luor.</span> <span class='ocrx_word' id='word_1_268' title='bbox 720 4441 749 4502; x_wconf 84' lang='lat' dir='ltr'>p.</span> <span class='ocrx_word' id='word_1_269' title='bbox 763 4423 831 4483; x_wconf 89' lang='grc'><strong>413.</strong></span> 
     </span>
    </p>
   </div>
   <div class='ocr_carea' id='block_1_12' title="bbox 0 0 1657 5166">
    <p class='ocr_par' dir='ltr' id='par_1_22' title="bbox 0 0 1657 5166">
     <span class='ocr_line' id='line_1_37' title="bbox 0 0 1657 5166; baseline 0 0"><span class='ocrx_word' id='word_1_270' title='bbox 0 0 1657 5166; x_wconf 95' lang='lat' dir='ltr'> </span> 
     </span>
    </p>
   </div>
  </div>
 </body>
</html>
