3300 5166
700 337 767 388 XVI

174 591 176 598 Ι
236 508 301 572 sint
322 504 477 589 homines,
501 503 622 589 spiram
644 503 750 588 pallas
773 503 961 571 redimicula
982 505 1109 590 promit.

148 726 168 768 *
235 726 351 792 subicit
373 726 447 790 huic
470 724 624 791 humilem
647 732 679 791 et
700 725 874 791 suffercitu'
895 726 1116 812 posteriorem.
1189 737 1192 748 ’

659 1101 765 1187 XVI

408 1343 516 1409 media
538 1364 556 1410 c
577 1343 715 1428 pistrina

149 1566 201 1625 45⁰
239 1581 295 1626 rex
319 1562 416 1629 Cotus
440 1563 495 1629 ille
518 1565 581 1630 dno
605 1564 663 1630 bos
687 1570 810 1649 ventos,
834 1572 978 1630 austrum
1001 1570 1099 1649 atque
1122 1565 1305 1650 aquilonem

130 1816 188 1877 hoc
210 1826 256 1878 est
274 1820 393 1878 tunicae
408 1821 538 1896 pallium.
561 1867 568 1881 .
583 1867 609 1881 ..
626 1821 758 1880 Lucilius
772 1829 937 1898 satyrarum
956 1821 1007 1882 lib.
1022 1842 1063 1882 xv
1084 1822 1159 1883 ‘com
1174 1824 1340 1900 ...spiram

129 1912 227 1987 pallas
248 1912 420 1973 redimicula
440 1917 584 1992 promit'.”

206 2007 273 2066 448.
315 2005 429 2068 Gellius
443 2028 483 2086 rv,
499 2008 532 2069 ll
556 2010 653 2070 “Item
674 2011 775 2088 quinto
795 2010 910 2070 decimo
933 2011 1053 2072 ‘subicit
1067 2058 1073 2071 .
1085 2057 1091 2072 .
1105 2057 1112 2071 .
1128 2011 1341 2089 posteriorem,'
1451 1999 1452 2002 ¹

132 2099 242 2158 subicit
262 2120 280 2159 u
300 2103 387 2162 litera
405 2106 498 2181 longa
517 2106 644 2181 legunt.”

209 2213 271 2254 xvi.
314 2197 480 2276 Porphyrio
502 2199 541 2259 ad
556 2199 675 2259 Horatii
696 2198 856 2258 carminum
876 2199 957 2274 r,22,
974 2199 1008 2259 10
1030 2199 1131 2258 “Dum
1144 2216 1238 2258 meam
1253 2203 1342 2258 canto

133 2286 281 2362 Lalagerl.
313 2290 351 2349 ld
366 2297 412 2350 est
431 2310 549 2352 carmen
569 2294 599 2353 in
613 2292 751 2368 Lalagen
774 2293 905 2367 amicam,
927 2294 989 2352 cius
1005 2292 1198 2370 compositum
1218 2294 1342 2351 nomine.

82 2403 93 2428 ε
132 2381 176 2439 sic
205 2386 237 2440 et
262 2383 338 2442 liber
363 2385 472 2445 Lucilii
498 2387 629 2446 decimus
660 2393 761 2446 sextus
790 2386 913 2464 Collyra
939 2387 1111 2447 inscribitur
1136 2391 1172 2444 eo
1199 2384 1278 2461 qnod
1306 2384 1343 2443 de

134 2474 259 2552 Collyra
281 2479 376 2538 amica
390 2498 444 2540 sua
459 2481 588 2557 scriptus
610 2481 674 2540 sit.''
723 2482 764 2540 ita
777 2481 852 2540 haec
867 2480 961 2541 edidit
980 2481 1029 2540 Fr.
1044 2482 1150 2541 Dousa
1165 2481 1194 2537 in
1210 2479 1343 2538 auctario

132 2568 204 2628 edit.
227 2569 417 2648 Cruquianae
437 2593 467 2651 p.
483 2574 573 2634 689¹).
614 2573 763 2649 Georgius
789 2576 945 2635 Fabricius
967 2593 996 2651 p.
1011 2577 1049 2634 42
1071 2575 1123 2649 sic,
1146 2574 1264 2632 “Gaulo
1284 2572 1343 2630 La·

124 2659 231 2740 lagen.
259 2663 416 2742 Compono
431 2668 543 2728 scilicet
556 2669 662 2726 librum
678 2670 822 2743 Lalagen.
852 2671 894 2730 ita
907 2672 974 2729 liber
990 2671 1051 2730 Sea.
1063 2670 1145 2726 Decii
1162 2665 1286 2742 Collyra
1301 2667 1344 2724 in·

133 2756 275 2816 scribitur
288 2776 322 2816 eo
338 2760 418 2837 quod
433 2761 470 2819 de
485 2761 604 2839 Collyra
619 2767 722 2822 amicus
737 2765 867 2840 scriptus
893 2764 939 2823 sit.
970 2764 1059 2822 etiam
1081 2779 1135 2820 nos
1157 2761 1200 2819 sic
1220 2760 1344 2835 plerum·

134 2867 193 2925 que
215 2852 389 2928 loquimur.”
1330 2847 1333 2851 ’

212 2945 394 3006 Censorinus
422 2947 458 3006 dc
481 2948 527 3006 die
555 2949 647 3009 natali
674 2953 775 3028 caps
802 2949 880 3008 “non
907 2951 978 3009 nulli
1004 2949 1090 3008 binos
1117 2947 1221 3023 genios
1245 2947 1274 3005 in
1298 2947 1344 3005 his

133 3038 282 3100 duntaxat
302 3040 437 3100 domibus
458 3061 534 3119 quae
555 3050 656 3103 essent
676 3045 800 3103 maritae
821 3045 963 3103 colendos
984 3049 1174 3120 putaverunt3
1203 3041 1346 3100 Euclides

132 3139 233 3192 autem
261 3132 432 3196 Socraticus
463 3137 610 3214 duplicem
637 3137 771 3196 omnibus
798 3139 916 3197 omnino
941 3137 1028 3196 nobis
1054 3137 1172 3212 genium
1199 3136 1270 3195 dicit
1295 3136 1346 3194 ad·

134 3227 283 3302 positum,
312 3248 399 3305 quam
425 3248 485 3289 rem
512 3230 591 3307 apud
617 3229 763 3289 Lucilium
790 3231 820 3288 in
845 3232 921 3292 libro
948 3233 1105 3291 satirarum
1125 3249 1177 3287 xvi
1203 3230 1274 3288 licet
1297 3247 1346 3288 co·

136 3324 311 3396 gnoscere.''
1065 3393 1068 3400 ι
1302 3322 1316 3331 ”
1335 3323 1339 3333 “

213 3415 282 3475 449.
323 3416 475 3476 Charisius
495 3437 524 3494 p.
539 3422 576 3478 55
598 3417 779 3478 “Pistrinum
800 3423 904 3476 neutro
919 3416 1035 3475 dicitnr.
1067 3416 1121 3475 sed
1141 3415 1273 3474 Lucilius
1295 3434 1347 3473 xvr

136 3507 278 3572 feminine
300 3512 414 3583 extulit,
435 3510 543 3569 ‘media
564 3531 579 3571 e
599 3513 744 3589 pistrina',
765 3511 805 3572 ad
825 3512 978 3569 tabernam
1001 3511 1144 3583 referens,
1164 3517 1197 3569 ut
1210 3528 1348 3587 caupona

134 3607 251 3668 dicitur.
293 3624 359 3664 narn
386 3611 416 3664 et
437 3606 594 3664 Terentius
617 3607 794 3664 deminutive
820 3604 976 3680 pistrillam
998 3603 1099 3664 dinit.''
1185 3603 1283 3663 Varro
1311 3604 1347 3662 de

132 3701 239 3776 lingua
258 3699 371 3758 Latina
391 3718 410 3755 v
430 3717 458 3775 p.
478 3701 532 3759 140
553 3699 630 3756 iuter
650 3699 845 3758 instrumenta
863 3696 975 3755 rustica
998 3696 1124 3773 “Pilum,
1146 3696 1225 3774 quod
1247 3714 1282 3754 eo
1303 3697 1349 3754 far

134 3796 250 3872 pisunt;
272 3810 362 3869 aquo
384 3793 433 3850 ubi
454 3792 485 3850 id
504 3792 536 3851 fit
556 3792 667 3851 dictum
687 3792 852 3868 pistrinum.
874 3791 1004 3851 ...iude
1025 3799 1094 3868 post
1114 3789 1143 3848 in
1164 3791 1236 3848 urbe
1251 3789 1349 3848 Lucili

135 3887 263 3964 pistrina
283 3894 312 3945 et
326 3886 460 3962 pistrix.''
540 3886 758 3947 Grammaticus
773 3885 810 3944 de
825 3884 983 3959 generibus
1000 3885 1148 3944 nominum
1163 3884 1200 3940 ab
1215 3881 1349 3958 Hauptio

136 3981 235 4040 editus
256 3998 284 4056 p.
299 3982 336 4038 95
357 3978 538 4038 “Pistrinum
559 3980 677 4055 generis
694 3981 798 4039 neutri.
829 3979 884 4038 sed
904 3980 997 4038 Varro
1017 3977 1126 4036 ‘media
1139 3987 1178 4035 est
1191 3977 1349 4053 pistrina’.”

212 4075 280 4132 450.
320 4072 436 4132 Nonius
456 4089 484 4148 p.
499 4075 545 4147 98,
563 4075 597 4131 19
619 4071 790 4149 “Demagis
807 4072 895 4132 valde
909 4071 1023 4144 magis.
1054 4070 1188 4130 Lucilius
1207 4070 1282 4127 libro
1297 4087 1349 4126 xvr

137 4221 339 4231 ...μ-

215 4305 281 4366 44ἵ.
307 4305 415 4365 lanus
437 4307 541 4365 Dousa
560 4310 661 4380 spiras,
675 4307 795 4382 pallam.

215 4387 281 4446 450.
323 4385 394 4443 Non
415 4383 512 4459 potuit
532 4381 666 4441 Lucilius
692 4385 768 4443 hanc
789 4378 1041 4460 praepositionem
1069 4396 1144 4456 quae
1166 4385 1212 4466 est
1232 4377 1265 4435 de
1282 4394 1371 4468 con-N

1102 4473 1174 4538 4*
