3300 5166
295 323 337 389 58
861 325 941 376 xxn

404 512 478 558 nam
502 493 717 578 disrumpetur
738 491 863 558 medius
888 493 962 578 iam,
986 499 1021 558 ut
1041 492 1159 559 Marsu’
1184 493 1332 560 colubras

404 595 573 681 disrumpit
595 601 700 678 cantu,
724 614 825 662 renas
849 615 920 660 cum
942 595 1122 662 extenderit
1143 596 1256 662 omnis.

403 766 556 851 Calpurni
580 761 713 832 saevam
735 766 841 849 legem
864 766 984 832 Pisoni’
1007 768 1170 853 reprendi,

316 875 361 934 51⁵
404 868 564 952 eduxique
586 869 726 934 unimam
748 869 782 934 in
806 867 991 955 primoribu'
1015 869 1151 953 partibu'
1175 868 1272 936 uaris.

403 1058 518 1124 proras
541 1037 722 1124 despoliate
745 1043 776 1105 et
800 1037 971 1104 detondete
993 1038 1146 1122 guberna.

405 1228 567 1295 purpureo
591 1208 682 1274 tersit
702 1212 768 1273 tum
790 1208 875 1273 latas
895 1227 1040 1296 gausape
1061 1229 1200 1277 mensas.

833 1506 966 1590 XXII

405 1693 510 1761 serru’
531 1712 637 1776 neque
659 1690 775 1758 infidus
799 1690 929 1757 domino
952 1709 1057 1775 neque
1080 1689 1194 1758 inutili’
1219 1691 1376 1777 cuiquam,

501 1795 606 1861 Lucili
629 1793 808 1877 columella,
832 1793 885 1858 hio
907 1794 988 1880 situ',
1011 1795 1238 1882 Metrophanes
1294 1889 1298 1894 Ι

376 1986 441 2042 512.
482 1982 597 2042 Nonius
617 2001 646 2059 p.
658 1983 725 2055 201,
738 1982 774 2038 21
796 1979 952 2040 ‘'Colubra
967 1980 1105 2040 feminini.
1134 1979 1267 2041 Lucilius
1282 1987 1447 2058 satyrarum
1459 1983 1510 2044 lib.

298 2095 341 2133 xx
362 2076 427 2132 ‘mu
449 2075 648 2154 disrumpetur
662 2122 668 2135 .
681 2121 687 2134 .
701 2115 707 2131 .
720 2074 849 2133 omnis'.''

376 2171 442 2230 514.
483 2169 599 2229 Nonius
619 2187 648 2246 p.
663 2166 730 2243 421,
744 2171 781 2228 30
803 2167 947 2227 “Priores
964 2175 999 2227 ‘et
1019 2168 1164 2246 primores
1185 2169 1261 2229 hanc
1282 2159 1510 2231 habent‘direr·

301 2266 429 2324 citatem.
515 2263 647 2322 Lucilius
667 2271 829 2339 satyrarum
850 2263 900 2322 lib.
915 2281 959 2319 xx
980 2261 1124 2339 ‘calpurni
1145 2281 1241 2320 sxnvx
1261 2264 1329 2340 legs
1347 2282 1379 2322 rx
1399 2265 1512 2342 plsonis

299 2360 462 2436 reprehendi
476 2405 482 2418 .
494 2405 500 2418 .
513 2359 561 2419 .in
582 2357 759 2434 primorinus
780 2358 894 2417 naris'.'’

378 2456 444 2513 516.
484 2453 600 2512 Nonius
620 2470 650 2529 p.
664 2453 731 2528 490,
747 2454 782 2511 31
804 2450 969 2511 “Guberna
993 2467 1049 2526 pro
1073 2452 1278 2524 gubernacula
1303 2452 1438 2512 Lucilius
1466 2469 1512 2511 sa-

299 2551 429 2624 tyrarum
454 2547 504 2606 lib.
521 2565 564 2602 xx
584 2545 699 2622 ‘proras
716 2547 910 2604 ...detundere
937 2544 1106 2620 guberna'.'’
1191 2545 1308 2606 Marius
1338 2546 1512 2606 Victorinus

299 2659 328 2718 p.
344 2643 419 2700 2499
441 2639 532 2699 “Pari
552 2641 668 2699 ratione
688 2640 717 2696 in
739 2657 827 2698 versu
848 2645 877 2698 et
897 2655 1031 2716 apocope
1058 2645 1220 2716 praccepta
1243 2633 1376 2716 (recepta)
1397 2647 1456 2715 est,
1482 2639 1513 2698 id

300 2742 347 2794 est
367 2735 531 2794 subtractio
547 2734 679 2811 syllabae
697 2733 916 2808 syllabarumve
932 2734 1091 2794 cuiuslibet
1106 2734 1259 2808 orationis,
1281 2741 1374 2793 metro
1387 2739 1513 2810 cogente

300 2831 393 2902 facta3
415 2845 492 2905 quae
514 2827 625 2886 sivein
645 2827 739 2887 verbo
761 2828 822 2885 sire
844 2827 873 2885 in
895 2827 1011 2885 nomine
1033 2826 1194 2902 acciderit,
1214 2845 1269 2903 pro
1290 2828 1408 2904 integra
1426 2835 1513 2905 parte
1601 2817 1604 2826 ’

300 2924 441 2982 orationis
464 2922 639 2998 accipietur3
665 2927 697 2978 ut
713 2965 719 2978 .
733 2965 758 2979 ..
777 2920 910 2978 similiter
936 2919 1051 2997 ‘proras
1072 2923 1213 2980 detondere
1237 2933 1264 2980 et
1283 2924 1434 2999 despoliare
1460 2941 1512 2998 gu·

299 3018 410 3091 berua',
430 3016 461 3076 id
481 3023 528 3075 cst
548 3013 777 3091 gubernacula.”

377 3108 442 3171 517.
484 3109 656 3172 Priscianus
681 3125 711 3184 p.
727 3104 783 3166 810
808 3105 960 3182 “Pergeo,
987 3107 1068 3168 tersi.
1154 3110 1288 3170 Lucilius
1314 3109 1343 3168 in
1364 3127 1407 3167 xx
1433 3109 1513 3186 ‘pnr-

301 3223 393 3283 pureo
416 3203 503 3263 tersit
521 3213 583 3262 tune
598 3248 604 3263 .
617 3249 623 3264 .
637 3248 643 3263 .
655 3201 808 3261 mensas'.”

375 3301 440 3358 518.
481 3299 616 3357 Donatus
630 3297 670 3357 ad
684 3294 893 3354 Phormionem
908 3295 1088 3372 Terentiirr,
1106 3300 1120 3356 1
1142 3316 1170 3375 p.
1183 3300 1239 3358 458
1262 3295 1431 3358 “Columen
1450 3297 1513 3356 cul·

300 3412 376 3453 men.
408 3411 444 3451 an
471 3392 605 3450 columen
630 3388 788 3450 columna?
814 3388 892 3447 uude
917 3389 1074 3451 columella
1098 3392 1180 3469 apud
1203 3399 1316 3451 veteres
1338 3391 1409 3451 dicti
1437 3391 1515 3450 servi

300 3489 425 3547 maiores
441 3486 553 3544 domus.
583 3485 680 3544 Lucil.
695 3501 761 3540 xxu
775 3482 887 3542 ‘servus
903 3527 909 3542 .
922 3529 929 3542 .
942 3528 948 3543 .
961 3485 1097 3560 cuiquam
1113 3487 1267 3564 (quaquam
1281 3485 1351 3546 olim
1364 3483 1514 3560 impressi)

300 3581 516 3644 ...columella
535 3580 706 3653 (columellae
727 3578 796 3637 olim
815 3577 964 3654 impressi)
986 3578 1034 3638 hic
1061 3580 1118 3638 situ
1141 3584 1201 3654 (rie)
1227 3580 1437 3658 metrophanes
1460 3580 1516 3654 (die

300 3682 374 3748 111111,
389 3677 499 3735 omisso
513 3676 638 3748 nomine,
653 3675 721 3732 olim
735 3672 920 3749 impressi)’.'’
986 3673 1136 3733 Martialis
1149 3676 1225 3734 libro
1239 3695 1281 3752 xr,
1297 3679 1334 3735 90
1350 3672 1515 3733 “Carmina

301 3771 382 3830 nulla
405 3771 517 3848 probas
540 3767 618 3826 molll
642 3785 718 3844 quae
742 3767 832 3826 limite
858 3771 987 3840 currunt,
1009 3765 1072 3828 Sed
1097 3785 1173 3844 quae
1198 3785 1252 3844 per
1275 3769 1409 3835 salebras
1435 3768 1514 3826 alta-

301 3883 357 3941 que
379 3882 455 3924 saxa
475 3862 594 3936 cadunt,
616 3862 658 3921 nt
678 3861 731 3920 tibi
752 3861 893 3920 Maeonio
917 3861 998 3938 quod
1017 3859 1220 3937 (scribendum
1242 3861 1359 3939 quoque)
1382 3861 1514 3921 carmine

302 3958 394 4016 maius
418 3957 544 4017 habetur
565 3954 665 4014 Lucili
685 3954 820 4030 (Iaeealee'
841 3951 1013 4028 Palatinus)
1035 3954 1204 4030 columella,
1229 3955 1275 4014 hie
1297 3957 1380 4031 situs,
1401 3955 1514 4015 Metro·

301 4051 443 4128 phanes.''

378 4231 446 4289 514.
492 4227 671 4289 Rectissime
697 4225 799 4284 Iunius
828 4225 974 4302 ‘Calpurni
998 4237 1108 4284 caecam
1133 4231 1216 4304 lepem
1241 4229 1352 4288 Pisonis
1376 4228 1515 4302 reprendi,

303 4307 451 4382 Edurr'que
471 4314 527 4366 etc.
549 4312 595 4365 est
616 4311 713 4363 autem
733 4303 807 4364 haec
828 4303 864 4362 de
885 4302 1019 4379 pecuniis
1040 4305 1214 4382 repetundis
1234 4305 1296 4369 Oie.
1318 4305 1413 4366 testa'
1467 4330 1469 4335 ·

380 4386 446 4446 519.
461 4385 479 4424 *
496 4383 584 4447 Conl.
599 4398 703 4442 comm.
718 4381 748 4440 in
770 4380 860 4442 Lucr.
881 4398 911 4459 p.
927 4381 991 4441 122.
