3302 5174
365 395 385 460 6
854 396 942 444 anime
960 423 992 432 -

401 564 529 627 eduxique
548 568 681 616 animam
701 567 727 614 in
746 563 869 628 prioribu’
888 581 945 629 par·

401 652 465 700 tibu'
489 653 558 702 naris
581 655 640 704 515.
669 653 788 716 expirans
812 652 946 701 animam

405 741 462 788 102.
482 739 613 789 animam
633 739 759 803 proiciam
778 735 860 788 6522.
878 731 947 787 ani·

402 840 532 889 mamque
551 826 646 896 elisisse
670 825 708 875 illi
726 827 768 876 63.
795 825 947 874 conturbare

402 914 537 963 animam
558 916 615 962 117.

367 1014 473 1049 vacuam
492 997 568 1064 alque
587 1001 758 1052 animosam
777 998 836 1048 965.

367 1087 492 1136 animus
511 1090 571 1138 933.
591 1103 682 1152 corpus
701 1086 802 1137 animo
826 1083 947 1134 obsistere

403 1175 462 1223 583.
490 1175 626 1224 animum
649 1189 704 1238 spes
723 1173 783 1222 illuc
802 1171 869 1235 rapit
888 1172 947 1220 509.

402 1260 538 1310 animum
617 1260 718 1325 explere
740 1261 796 1308 184.
819 1273 871 1307 non
891 1256 946 1306 tolli

402 1347 535 1396 animum
567 1363 599 1398 ex
628 1347 729 1396 homine
763 1347 822 1396 807.
859 1343 947 1394 tollere

404 1433 526 1482 animos
546 1435 605 1484 651.
625 1449 715 1499 capere
734 1433 873 1483 animum
890 1431 947 1480 illo·

403 1535 458 1567 rum
478 1521 538 1570 854.
566 1521 640 1570 amici
665 1527 792 1588 quaerunt
810 1519 947 1569 animum

402 1606 462 1657 660.
482 1607 619 1656 animum
637 1608 673 1658 sic
687 1608 781 1658 induco
801 1609 860 1658 851.
879 1607 947 1668 quod

402 1694 537 1742 animum
562 1695 665 1743 induxit
690 1696 750 1744 658.
776 1693 851 1744 dictis
877 1693 947 1743 ani-

404 1795 482 1828 mum
502 1781 617 1829 attendas
636 1781 696 1830 649.
724 1781 845 1830 animos
866 1787 946 1829 atten-

403 1867 461 1915 dere
474 1866 548 1916 dictis
560 1875 636 1929 atque
649 1867 768 1916 adhibere
787 1867 862 1915 1043.
882 1865 947 1916 serto

403 1967 484 2014 aequo
512 1954 617 2002 animo
648 1955 708 2004 656.
747 1954 815 2002 bono
841 1953 947 2002 animo

403 2040 947 2105 es715.animotrepidanti969.snimo

402 2124 498 2175 habere
515 2126 666 2176 intercutem
684 2129 744 2176 675.
762 2126 907 2188 habeasque
921 2127 946 2175 in

403 2213 508 2262 animo
534 2215 592 2262 780.
620 2214 726 2263 animo
755 2229 785 2263 ac
812 2213 947 2264 virtutibus

406 2304 480 2352 1194.
493 2301 627 2351 fulmentas
634 2301 718 2351 veneis
729 2310 804 2364 atque
814 2301 947 2352 animeis

402 2390 542 2439 subducere
560 2385 638 2438 681*.

368 2490 419 2526 una
446 2477 522 2530 θέσις
546 2483 604 2523 suut
628 2475 756 2528 annales
780 2475 845 2524 Enni
873 2483 948 2538 atque

403 2560 469 2618 ἔπος
487 2577 565 2611 unum
585 2562 644 2611 303.

368 2656 535 2698 veteratorem
564 2649 636 2697 illum
663 2665 694 2698 ac
721 2647 832 2698 vetulum
861 2649 949 2712 lupum

403 2735 599 2787 Annibalem
619 2737 677 2785 762,
697 2735 764 2785 bello
783 2734 949 2785 vineiabar-

403 2824 475 2885 baro,
494 2823 605 2883 viriato,
626 2822 787 2872 Annibale
806 2824 866 2872 5'11.

369 2909 462 2974 (aqua)
476 2909 555 2960 servet
569 2911 656 2962 ...ad
670 2924 782 2960 annum
795 2910 853 2958 330,
868 2924 948 2958 anno

408 2998 514 3048 vertenti
534 2999 593 3047 734.
612 3005 696 3046 utrum
715 3011 797 3045 anno
817 3011 849 3044 an
867 2996 949 3046 horno

404 3086 464 3132 678.
477 3099 577 3134 annos
588 3120 594 3132 .
606 3119 612 3132 .
623 3120 628 3131 .
639 3084 691 3132 iam
703 3084 786 3147 plures
798 3090 877 3132 meret
888 3083 948 3132 361.

405 3172 478 3220 miles
559 3179 637 3220 meret
655 3179 693 3220 ter
710 3184 755 3218 sex
773 3169 859 3219 aetati’
878 3169 949 3230 quasi

405 3272 504 3307 annos
523 3257 583 3306 434.

368 3344 527 3408 anophele
547 3337 624 3393 232*.

368 3431 518 3493 anquina
536 3430 620 3479 soluta
641 3426 735 3480 1151*.

368 3519 491 3569 anseri'
511 3518 592 3567 collus
611 3519 670 3567 243.
699 3517 825 3567 anseris
843 3517 948 3568 herbilis

403 3606 471 3654 virus
494 3606 566 3655 1160.

298 3703 301 3708 '
368 3699 396 3740 ut
418 3690 529 3739 diximus
554 3701 627 3743 ante
652 3694 692 3741 32.
722 3700 750 3740 ut
774 3691 881 3739 diximu’

405 3786 478 3827 ante
502 3779 560 3828 35⁵.
589 3780 657 3841 quod
682 3779 736 3827 dixi
763 3787 835 3827 ante
858 3781 949 3842 podma

405 3867 464 3915 304.
493 3865 561 3927 quod
591 3865 645 3912 dixi
674 3873 746 3914 ante
773 3865 862 3928 podsin
889 3867 949 3915 306.

406 3967 482 4015 quam
502 3953 532 4000 dc
551 3966 601 4012 quo
620 3952 732 4000 diximus
751 3959 824 4001 ante
843 3954 902 4003 941,
922 3961 949 4002 ut

405 4038 584 4089 deseribsimus
603 4047 675 4088 anto
698 4039 757 4087 335.
786 4039 854 4099 quod
877 4047 949 4090 ente

408 4125 500 4190 optasti
515 4127 556 4176 89.
575 4131 635 4171 tune
648 4123 710 4185 iugo
724 4122 814 4185 iungas
826 4139 867 4173 mc
879 4131 949 4174 ante

407 4215 468 4263 967.
487 4224 552 4261 aune
634 4215 657 4257 te
738 4206 816 4257 frenis
833 4209 950 4273 subigam

405 4308 478 4348 ente
503 4298 652 4356 domemque
679 4295 737 4344 966.
766 4309 850 4343 nonne
878 4305 950 4347 ante

406 4419 446 4432 ...
462 4385 559 4433 volutas
574 4384 637 4434 973.
654 4389 728 4430 ante
740 4381 839 4444 praeire
857 4379 948 4431 1080*.

1013 396 1095 447 arbor.

1038 597 1062 604 -
1080 573 1151 615 ante
1164 565 1231 615 fores
1244 567 1318 616 1025.
1331 567 1408 630 longe
1422 581 1502 629 opera
1513 575 1585 614 ante
1626 551 1627 556 ¹

1034 651 1086 701 alia
1105 651 1191 700 omnia
1211 653 1269 702 731.

998 738 1146 802 progeniem
1160 738 1326 800 antiquam
1343 741 1417 787 1030.
1438 739 1583 800 antiquis

1096 825 1195 875 deliciis
1216 827 1271 875 743.
1293 824 1396 875 schema
1418 825 1582 887 antiquom

1036 907 1109 960 720*.
1142 911 1255 961 concilio
1275 911 1419 973 antiquo
1446 913 1525 962 1163.
1552 939 1582 948 -

1034 1005 1129 1061 quanto
1149 999 1313 1060 antiquia’
1333 1013 1410 1060 quarn
1430 997 1515 1049 lacere
1535 1000 1581 1048 hoc

1035 1084 1124 1134 fecisse
1143 1085 1245 1134 viderist
1263 1087 1323 1134 398.

1000 1173 1072 1222 anu’
1097 1187 1195 1222 rursum
1220 1172 1252 1220 ad
1276 1170 1406 1220 armillum
1435 1173 1495 1223 677.
1525 1187 1581 1220 anu
1628 1167 1629 1196 ³

1034 1273 1118 1310 noceo
1140 1259 1214 1308 1059.

1000 1344 1143 1409 epcpelli
1162 1343 1248 1407 †7³1.

1000 1447 1051 1480 una
1070 1427 1202 1495 ἀπεψία
1223 1433 1280 1482 810.

1000 1520 1026 1569 iu
1039 1520 1144 1583 pelagus
1158 1554 1163 1566 .
1177 1555 1182 1566 .
1195 1553 1200 1566 .
1214 1523 1358 1582 apertum
1374 1519 1450 1566 1168.
1470 1515 1582 1566 minitari

1035 1612 1147 1670 aperte
1166 1607 1226 1654 688.

1001 1693 1110 1758 apices
1128 1692 1281 1755 cupidasque
1300 1701 1411 1757 repertas
1430 1694 1490 1740 281.

1000 1780 1068 1842 quod
1080 1785 1104 1828 te
1117 1794 1222 1842 cupere.
1237 1817 1242 1828 .
1255 1815 1260 1828 .
1271 1778 1376 1843 apisci
1390 1778 1512 1841 intellego
1523 1779 1582 1826 542.

1035 1873 1064 1914 ut
1081 1865 1102 1915 si
1122 1865 1148 1914 id
1167 1866 1235 1927 quod
1253 1866 1414 1930 concupisset
1425 1880 1478 1914 nou
1490 1873 1582 1928 aptus
1630 1885 1631 1949 p

1036 1952 1102 2001 foret
1122 1955 1180 2002 757.

1001 2039 1153 2103 Apollost
1176 2054 1269 2089 nonren
1352 2039 1411 2090 743.
1440 2035 1490 2090 ιόν
1514 2033 1582 2094 dre-

1037 2121 1157 2192 ήρπαξεν
1173 2121 1341 2177 Ἀπόλλων
1359 2126 1419 2176 308.

999 2228 1094 2277 magna
1104 2228 1161 2262 ossa
1171 2212 1311 2275 lucentique
1324 2220 1480 2278 apparent
1492 2212 1582 2262 48211.
1631 2205 1632 2298 l

1000 2316 1057 2350 cum
1072 2299 1200 2364 appello
1212 2315 1295 2348 meam
1308 2301 1366 2349 643.
1386 2316 1439 2350 non
1454 2301 1582 2351 dominam
1631 2317 1632 2320 ¹

1035 2387 1191 2452 appellem
1210 2401 1293 2436 meam
1312 2389 1371 2436 644.

1000 2481 1029 2524 ut
1047 2489 1122 2536 quam
1141 2474 1251 2537 primum
1268 2473 1436 2538 appellant
1455 2475 1513 2524 578.

1001 2567 1090 2625 aptes
1108 2562 1195 2624 †333.

1000 2648 1107 2698 restibus
1134 2657 1224 2713 aptus
1251 2651 1310 2700 895.
1338 2650 1460 2713 pellicula
1552 2663 1582 2697 ex

1037 2743 1143 2800 aptum
1162 2737 1270 2800 pendere
1283 2753 1346 2787 onus
1360 2738 1421 2788 462.
1440 2765 1474 2774 —
1494 2737 1542 2786 hoc
1557 2745 1583 2784 tu
1632 2735 1633 2778 l

1037 2831 1108 2886 epte
1126 2823 1208 2872 credis
1227 2825 1286 2874 216.

1002 2916 1077 2973 aput
1088 2917 1145 2960 tene
1159 2911 1290 2972 aqualestl
1311 2913 1352 2962 38.
1372 2911 1454 2974 apud
1468 2919 1491 2960 te
1505 2911 1581 2972 †638.

1036 2997 1118 3061 apud
1142 3012 1169 3046 se
1187 2997 1263 3060 longe
1283 2997 1335 3046 alid
1354 3005 1392 3046 est
1413 2998 1488 3047 1134.
1516 3003 1581 3046 tenet

1037 3084 1106 3133 intus
1125 3083 1209 3147 apud
1222 3098 1248 3132 se
1269 3085 1345 3132 1135.
1364 3111 1396 3120 -
1416 3098 1475 3132 cum
1488 3083 1534 3132 iter
1546 3091 1581 3131 est

1037 3171 1124 3232 aliquo
1207 3175 1351 3220 commenta
1433 3177 1478 3220 aut
1502 3169 1579 3232 apud

1037 3256 1175 3319 aurificem,
1196 3257 1227 3306 ad
1247 3263 1352 3306 matrem
1435 3258 1494 3305 981.
1562 3252 1567 3256 ’

1002 3343 1053 3392 fere
1073 3357 1173 3392 omnem
1192 3342 1341 3406 Apuliam
1363 3343 1422 3391 760.

1000 3426 1280 3496 Apuliden1112*.
1397 3483 1403 3486 ,

1001 3502 1577 3584 vetusille...Apulus408*.Apulu'1014*.

1001 3606 1076 3655 servit
1090 3619 1169 3667 aqua
1182 3605 1242 3654 330.
1256 3617 1366 3665 aquam
1382 3601 1577 3652 ...intercutem

1037 3694 1095 3741 675.
1126 3690 1180 3754 igni
1204 3705 1261 3739 cum
1280 3698 1305 3739 et
1324 3703 1403 3752 aqua
1422 3685 1578 3737 interdixerit

1037 3781 1096 3828 694.
1116 3779 1226 3827 divortio
1246 3789 1397 3839 aquarum
1418 3775 1498 3826 2734

1002 3873 1064 3928 aput
1083 3873 1140 3913 tene
1158 3866 1308 3926 aqualest
1326 3866 1358 3914 38
1369 3862 1391 3913 *.

1001 3961 1116 4000 austrum
1135 3959 1211 4012 atque
1230 3952 1415 4014 aquilonem
1434 3953 1494 4002 450.

1002 4037 1142 4098 aquilum
1164 4040 1239 4088 1199.

1002 4123 1125 4173 Arabus
1143 4126 1202 4174 985.

1002 4211 1136 4260 succedere
1154 4220 1264 4262 aratro
1285 4214 1343 4262 967.

1002 4298 1119 4348 contritis
1133 4299 1249 4347 arbore
1262 4299 1339 4348 costis
1358 4303 1416 4350 206.
1436 4311 1573 4354 exactorem

1102 4385 1281 4448 fulguritarum
1301 4387 1450 4435 arborum
1470 4391 1527 4440 555.
