3300 5166
710 359 763 408 vn

239 530 273 597 id
296 530 399 595 solum
422 528 581 594 adversae
604 528 753 595 fortunae
775 549 875 614 reque
897 529 1025 594 resistit.

240 703 350 785 pluma
371 655 664 785 atqueamfitapoe
687 705 719 768 et
741 700 768 767 si
790 699 878 766 aliud
901 697 979 784 quid
1002 699 1191 766 deliciarum

150 878 201 937 225
240 872 283 937 da
304 872 416 938 bibere
438 871 479 938 ab
503 890 625 937 summo

390 1044 619 1111 Sardinensem
641 1049 758 1110 terram

608 1217 713 1300 ipsum
736 1213 813 1299 quid
836 1215 943 1281 fecere
967 1221 1067 1300 optes,

695 1457 779 1543 VII

153 1655 173 1696 *
240 1657 294 1740 qui
317 1663 348 1722 te
371 1658 488 1742 diligat
509 1661 606 1725 aetati
630 1660 777 1744 facieque
799 1665 873 1724 tuae
895 1677 931 1721 se

107 1867 111 1873 -
210 1831 275 1887 223.
316 1829 432 1888 Nonius
457 1849 487 1907 p.
503 1833 570 1904 500,
589 1835 623 1892 21
653 1831 833 1892 “Ablativus
860 1848 914 1907 pro
941 1829 1078 1906 genetivo
1101 1829 1281 1904 (addendum
1301 1835 1344 1892 vel

132 1923 248 1997 dativo).
272 1921 409 1982 ...idem
430 1923 480 1982 lib.
497 1945 527 1980 vr
550 1925 598 1983 ‘ur
619 1926 650 1985 id
671 1931 828 2004 ...reique
849 1924 995 1984 resistit'.''
1336 1924 1338 1929 ’

210 2018 275 2076 224.
316 2017 432 2077 Nouius
454 2038 482 2096 p.
497 2023 563 2095 540,
580 2023 617 2080 25
639 2019 830 2098 “Amsptupaa
850 2022 950 2080 restes
972 2016 1108 2077 dicuntur
1127 2018 1272 2097 utrimque
1293 2020 1342 2080 ha·

131 2113 236 2172 bootes
262 2111 356 2171 villos
384 2113 534 2174 ...idem
559 2113 610 2173 lib.
626 2133 658 2171 vr
684 2113 793 2191 'pluma
876 2110 1065 2172 delicismm’.
1114 2112 1212 2172 Varro
1239 2115 1343 2174 Manio

132 2207 266 2266 'alterum
288 2207 363 2265 bene
384 2215 539 2286 acceptum
561 2209 686 2269 dormire
708 2227 797 2285 super
817 2209 946 2284 omfitubo
967 2207 1042 2265 bene
1063 2207 1179 2266 molli'.”

208 2303 274 2360 225.
315 2301 452 2361 Donatus
479 2303 518 2362 ad
544 2303 675 2363 Terentii
702 2302 847 2362 Andriam
868 2306 948 2373 nr,2
974 2320 1003 2377 p.
1018 2301 1056 2360 54
1081 2300 1191 2375 “Quod
1217 2303 1288 2363 iussi
1316 2307 1343 2364 ei

131 2395 202 2453 dare
234 2396 335 2454 bibere
364 2401 394 2452 et
419 2404 561 2472 quantum
586 2397 729 2475 imperavi
760 2397 838 2456 date.
884 2394 1105 2455 consuetudine
1134 2397 1227 2472 magis
1255 2416 1341 2474 quum

131 2489 245 2550 ratione
272 2488 347 2548 dixit
371 2507 424 2566 pro
451 2491 519 2551 date
548 2491 661 2569 (darei)
687 2493 713 2551 ei
737 2493 894 2569 potionem.
943 2488 1078 2548 Lucilius
1104 2490 1133 2546 in
1161 2497 1246 2550 sexto
1268 2490 1343 2552 ‘dote

131 2586 233 2645 bibere
253 2585 374 2644 eurnnro’.
416 2604 483 2644 nam
503 2586 562 2646 duo
583 2587 676 2647 verba
697 2586 797 2646 active
821 2585 930 2643 nullam
957 2584 1072 2643 habent
1097 2583 1342 2658 significationem

132 2681 195 2739 sine
218 2679 334 2739 nomine
357 2687 407 2740 aut
426 2681 609 2758 pronomine,
631 2686 663 2739 ut
683 2679 707 2739 si
729 2678 813 2738 dieas
836 2678 893 2738 'die
915 2677 1049 2737 facere’.'’
1175 2679 1342 2758 Porphyrio

132 2774 169 2834 ad
190 2775 310 2834 Horatii
337 2793 483 2848 carmin,
498 2772 579 2847 21,l
608 2772 761 2834 “Attende
786 2771 996 2844 elocutionem,
1023 2773 1171 2832 descende
1197 2793 1341 2851 promere,

131 2869 280 2928 descende
301 2877 334 2929 ut
355 2886 489 2945 promas3
515 2873 547 2928 ut
567 2875 614 2928 est
632 2867 707 2927 illud
728 2867 840 2926 ‘bibere
861 2867 1011 2926 absumo'.''
1050 2867 1156 2928 Codex
1184 2869 1218 2927 F.
1239 2868 1343 2928 Ursini

131 2964 293 3024 'descende
316 2965 449 3040 promere
470 2980 523 3039 pro
545 2961 694 3022 descende
715 2969 747 3022 ut
766 2965 856 3038 prout
875 2981 901 3020 ε.
922 2961 940 3020 i.
962 2962 1075 3036 Lucilii,
1102 2963 1152 3020 Du
1172 2962 1273 3024 bibere
1294 2966 1341 3021 ab·

128 3059 223 3118 sumo!

206 3153 273 3211 226.
317 3151 483 3229 Porphyrio
498 3151 536 3210 ad
549 3151 667 3211 Horatii
683 3168 848 3211 sermonum
865 3171 884 3225 1,
895 3153 949 3224 3,l
973 3149 1029 3210 '‘In
1043 3151 1169 3211 eundem
1184 3151 1341 3229 Tigellium

129 3247 350 3321 Hermogenem
371 3253 400 3306 et
420 3244 467 3306 hic
488 3246 644 3318 invehitur,
664 3263 788 3323 eumque
805 3244 934 3305 Sardum
956 3246 1041 3318 dixit,
1064 3246 1143 3323 quod
1157 3247 1186 3306 in
1202 3247 1342 3308 Sardinia

130 3347 212 3400 esset
238 3346 335 3400 natus.
371 3341 583 3407 annotandum
608 3359 679 3417 ergo
708 3340 835 3400 Surdum
863 3347 892 3400 et
919 3340 1129 3402 Sordinensem
1155 3342 1214 3401 dici
1241 3360 1340 3418 posse.

128 3453 197 3495 nam
219 3436 324 3494 Lucius
344 3436 479 3496 Seruilius
494 3434 704 3496 Sardinensem
725 3433 801 3494 dixit
820 3433 850 3493 in
871 3441 957 3493 sexto
976 3440 1150 3511 satyrarum,
1173 3434 1341 3496 ‘sardinen-

128 3547 188 3588 sem
211 3529 342 3589 terrem'.
374 3538 404 3588 at
425 3529 557 3589 Licinius
574 3530 610 3589 de
624 3530 812 3604 Hermogene
829 3530 954 3605 loquens
969 3527 1069 3588 ‘Sardi
1084 3530 1195 3606 Tigelli
1208 3529 1341 3606 putidum

128 3628 219 3699 caput
239 3622 339 3683 venit’.
372 3642 429 3682 non
450 3625 522 3684 nulli
537 3611 634 3683 tanuen
649 3630 779 3682 veterum
794 3621 1051 3698 grammaticorum
1067 3624 1109 3682 sie
1124 3625 1341 3700 appellationes

127 3716 180 3777 hus
202 3717 374 3792 diviserunt,
396 3725 428 3778 ut
445 3717 570 3780 Sardum
590 3724 731 3795 putarent
750 3716 810 3776 dici
830 3716 881 3794 qui
902 3715 930 3775 in
945 3716 1086 3778 Sardinia
1101 3726 1187 3777 natus
1202 3718 1250 3791 sit,
1272 3717 1340 3778 Sar·

128 3811 282 3873 dinensenr
305 3818 402 3871 autem
424 3813 550 3871 incolam
573 3809 757 3873 Sardiniac.'’

203 3905 270 3965 227.
311 3905 432 3966 Servius
459 3905 620 3966 Fuldensis
646 3906 684 3965 ad
710 3906 863 3966 Aeneidos
884 3925 903 3981 r,
919 3903 955 3965 to
975 3906 1016 3984 (p.
1031 3909 1068 3965 25
1089 3906 1179 3982 Dan.)
1206 3905 1340 3984 “Optare

81 4027 83 4032 v
127 4017 184 4057 non
209 4006 324 4059 tantum
348 4000 458 4077 eligere
484 3999 650 4077 significat,
678 4005 710 4060 ut
735 4000 806 4061 alibi
827 3999 1009 4077 ‘optavitque
1029 4001 1126 4060 locum
1146 4001 1260 4076 regno,
1287 4000 1341 4060 sed

127 4093 213 4153 etiam
236 4096 321 4171 velle,
344 4099 376 4152 nt
396 4094 453 4154 hoe
473 4095 550 4170 loco,
572 4095 643 4173 quid
664 4100 759 4172 optes,
780 4093 850 4170 quid
873 4094 956 4153 volis.
997 4092 1130 4177 Lucilius
1150 4094 1180 4153 in
1201 4115 1231 4152 vr
1252 4095 1339 4156 ‘uum

127 4187 222 4264 ipsum
243 4191 342 4250 lacere
364 4189 471 4269 optes,
494 4189 525 4250 id
545 4197 595 4250 est
612 4188 715 4251 velis.''
1236 4203 1241 4216 ·

204 4285 269 4344 228.
311 4282 425 4344 Gellius
445 4303 487 4360 rx,
505 4286 541 4343 14
562 4284 620 4344 “In
641 4302 714 4344 casu
735 4291 836 4344 autem
863 4281 967 4356 dandi,
994 4282 1044 4358 qui
1069 4281 1224 4359 purissime
1251 4284 1342 4343 locuti

128 4388 326 4400 ———.

203 4431 269 4490 223.
310 4433 350 4490 Id
368 4433 455 4492 solum
474 4431 568 4493 Ianus
582 4432 698 4496 Dousa.
817 4429 947 4491 *Ceut
962 4430 1111 4490 commin
1126 4430 1338 4508 Lucr.p.160.
