3298 5170
544 337 547 344 ’
605 345 742 396 1-xxv.
769 345 848 395 xxx
1036 419 1038 425 Ι
1274 343 1334 408 131

233 516 442 603 Carpathium
464 514 596 582 Rhodos
619 515 654 579 in
675 514 814 601 pelagus
836 534 872 581 se
892 515 1025 581 inclinat
1046 485 1203 601 apertum.
1287 547 1291 552 =

230 705 346 772 iudicis
368 704 519 771 Hortensi
543 709 591 771 est
613 705 657 770 ad
679 722 751 771 eam
775 725 843 772 rem
864 710 942 772 nata
963 704 1137 791 palaestra.

123 901 196 962 ll'lo
1003 894 1183 961 columnam

230 996 367 1062 Maeniu'
392 1016 463 1062 curn
486 1002 620 1083 peteret,

495 1206 561 1252 non
583 1187 659 1253 dum
681 1187 788 1272 etiam,
812 1188 868 1271 qui
890 1182 972 1253 haec
995 1189 1103 1253 omnia
1126 1186 1266 1272 habebit,

230 1289 388 1356 formosus
411 1289 503 1355 dives
525 1289 607 1357 liber
628 1311 686 1356 rex
708 1290 788 1356 solu’
808 1295 950 1358 vocetur.

642 1479 753 1545 Valeri
775 1469 935 1545 sententia
957 1478 1013 1544 dia

109 1685 261 1764 pertinet,
285 1692 317 1745 ut
338 1685 384 1746 ‘ac
405 1687 485 1748 velut
505 1688 554 1746 ille
576 1703 680 1746 eanum
701 1684 818 1744 morsn’.
855 1685 1001 1746 interdum
1021 1687 1205 1759 nobilitatem
1227 1686 1339 1762 signifi-

114 1787 181 1855 cat,
204 1785 236 1839 ut
257 1779 387 1840 ‘multum
408 1781 457 1840 ille
478 1784 510 1841 et
529 1781 616 1842 terris
636 1781 764 1839 iactatus
785 1784 815 1838 et
835 1779 1017 1854 (addendum
1031 1779 1119 1858 altc)'.
1146 1788 1197 1841 aut
1212 1781 1336 1843 similem

113 1892 186 1934 rem
207 1874 363 1950 designat:
382 1875 518 1936 Lucilius
539 1877 631 1936 ‘velut
652 1892 722 1932 onur
737 1919 744 1933 .
757 1919 763 1934 .
776 1919 783 1934 .
795 1873 1004 1951 insidiisque'.''
1168 1943 1173 1952 ,

204 1971 287 2029 1168.
329 1971 496 2050 Porphyrio
522 1972 560 2032 ad
586 1970 703 2030 Horatii
729 1968 888 2028 carminum
906 1989 926 2044 r,
947 1972 974 2044 7,
996 1971 1010 2029 1
1034 1966 1175 2030 “Claram
1195 1970 1334 2031 Rhodon.

118 2065 295 2141 Propterea
315 2067 436 2142 claram,
457 2065 536 2144 quod
559 2066 614 2124 soli
635 2065 673 2124 sit
693 2064 834 2142 opposita
854 2063 934 2122 dicit.
959 2063 995 2122 de
1015 2070 1120 2140 quaet
1137 2064 1270 2125 Lucilius
1292 2067 1335 2126 sic

119 2160 166 2219 ait
193 2158 329 2234 ‘Captiam
350 2161 464 2219 liberios
489 2161 583 2237 (apud
603 2159 653 2218 Fr.
671 2159 806 2218 Dousam
829 2159 860 2217 in
886 2158 1019 2218 auctario
1045 2157 1182 2218 editionis
1211 2159 1335 2237 Oruquii

118 2253 217 2328 p.688
240 2254 354 2312 Rbodm
374 2254 565 2330 Carpathium)
585 2255 614 2312 in
635 2254 760 2330 pelagus
780 2253 820 2331 (ec
840 2253 973 2312 additum
994 2253 1074 2328 apud
1088 2253 1232 2330 Dousam)
1252 2254 1335 2313 incli-

120 2351 176 2406 nat
197 2346 364 2422 apertum'.''
1179 2377 1181 2382 v

204 2443 285 2500 1169.
328 2440 496 2518 Porphyrio
518 2442 556 2501 ad
577 2442 698 2503 Horatii
719 2439 880 2501 carminum
899 2441 1006 2500 librum
1025 2461 1044 2516 r,
1065 2440 1111 2517 at,
1132 2447 1147 2503 1
1170 2441 1282 2501 “Natis
1303 2442 1333 2502 in

121 2553 208 2595 usum
232 2535 372 2594 laetitiae.
407 2535 497 2595 Natis
522 2554 576 2613 pro
598 2537 699 2612 lactis3
724 2542 757 2595 nt
776 2535 857 2612 apud
879 2535 979 2596 Lucil
998 2535 1113 2595 ‘iudicis
1133 2553 1262 2597 ..rem
1277 2557 1336 2613 pm·

121 2630 242 2689 lectra'.''
331 2630 556 2691 commentator
576 2630 762 2708 Oraquianus
783 2629 888 2690 eadem
907 2629 1000 2690 habet
1019 2649 1048 2707 p.
1062 2631 1123 2706 60⁸,
1150 2630 1204 2689 sed
1223 2630 1333 2691 rectius

119 2734 190 2784 mata
204 2725 360 2801 palaestra.
1136 2717 1138 2720 ⁸

201 2817 284 2878 1170.
326 2816 495 2895 Porphyrio
516 2817 555 2877 ad
568 2817 688 2878 Horatii
708 2835 792 2879 serm.
804 2837 825 2892 r,
834 2820 862 2893 3,
873 2819 920 2892 21,
942 2818 1086 2879 ‘Maenius
1101 2821 1257 2880 absentem
1271 2820 1333 2879 No·

121 2915 219 2990 vium'‚
239 2921 270 2974 et
286 2915 500 2974 commentator
515 2910 704 2988 Cruquianus
725 2914 834 2989 ρ.3331
852 2911 931 2972 “Hic
951 2915 1046 2974 fertur
1058 2914 1146 2974 domo
1162 2932 1224 2990 sua,
1245 2932 1333 2992 quarn

121 3008 162 3068 ad
182 3010 277 3068 forum
298 3011 484 3086 spectantem
504 3007 657 3082 habuerat
678 3005 832 3068 divendita
851 3026 939 3068 unam
961 3010 1127 3068 columnam
1148 3009 1205 3069 sibi
1221 3010 1263 3068 ibi
1284 3009 1335 3085 (ibi

122 3104 231 3164 omittit
245 3103 348 3180 Oruq.)
364 3102 530 3179 excepisse,
544 3100 621 3160 unde
637 3101 820 3176 gladiatores
836 3109 1000 3180 spectarem
1021 3122 1097 3182 quae
1112 3121 1149 3163 cx
1164 3104 1212 3182 (ab
1228 3102 1333 3180 Oruq.)

121 3217 158 3258 eo
180 3199 317 3258 columna
336 3199 445 3258 Maeuii
469 3196 683 3257 nominabatur.
721 3197 802 3256 cuius
829 3203 859 3257 et
877 3197 1011 3258 Lucilius
1033 3199 1075 3258 sio
1095 3198 1226 3258 meminit
1246 3198 1336 3274 (baina

121 3297 244 3351 meminit
257 3293 383 3352 Lucilius
398 3292 511 3369 Oruq.)‚
530 3290 669 3350 ‘Mamtm
689 3292 843 3350 colamnam
863 3309 929 3351 cnm
944 3299 1060 3370 peteret
1073 3294 1187 3370 (peteret
1205 3313 1265 3352 cmm
1286 3302 1333 3352 cte.

125 3387 266 3465 cnm-yn„
1060 3417 1078 3420 ..

202 3480 286 3541 1172.
326 3479 494 3556 Porphyrio
520 3479 559 3538 ad
584 3478 703 3538 Horatii
727 3496 892 3539 sermonum
911 3499 935 3555 1,
954 3482 987 3555 3,
1008 3480 1064 3539 124
1089 3479 1211 3541 “Porro
1236 3486 1334 3542 autern

122 3577 219 3640 Stoici
239 3574 411 3635 existimant
430 3575 580 3651 perlectae
602 3573 764 3649 sapientiae
784 3575 878 3633 virum
899 3575 996 3633 omnia
1015 3573 1135 3633 habere.
1173 3575 1202 3634 in
1224 3593 1283 3652 quo
1303 3582 1335 3635 et

123 3672 259 3732 Lucilius
280 3675 416 3731 versatus
438 3669 482 3728 sic
502 3670 552 3744 ait,
574 3667 713 3727 ‘nondum
734 3668 821 3727 etiam
841 3685 922 3726 nanc
939 3667 1152 3729 ...vocetur’.”

201 3764 285 3824 ll'l4.
326 3762 498 3840 Porphyrio
519 3763 558 3824 ad
578 3763 696 3824 Horatii
717 3780 803 3822 serm.
813 3783 833 3838 1,
849 3765 875 3839 6,
893 3764 929 3825 12
950 3762 1088 3824 “Contra
1109 3761 1250 3836 Latinus,
1271 3761 1333 3820 Va·
1378 3830 1380 3834 ¹

121 3861 177 3920 leri
202 3877 305 3937 genus.
336 3858 375 3917 Id
395 3863 442 3917 est
462 3858 600 3918 Valerius
623 3858 756 3917 Larinas
772 3857 1026 3934 ...periphrasim
1046 3864 1144 3918 autern
1165 3856 1334 3916 necessario

122 3953 209 4028 fecit,
236 3953 312 4014 sicut
331 3951 481 4029 Lucilius,
508 3970 573 4012 cum
600 3951 673 4012 dicit
693 3951 807 4011 ‘Valeri
827 3998 834 4013 .
853 3998 859 4012 .
877 3997 884 4012 .
902 3951 968 4011 dia'.
1000 3953 1070 4031 quia
1095 3953 1208 4012 seilicet
1228 3968 1334 4010 nomen

123 4053 265 4126 quattuor
284 4048 416 4108 brevium
438 4048 617 4124 syllabarum
638 4052 692 4123 est,
713 4064 749 4106 eo
763 4064 823 4106 non
842 4050 945 4125 potest
957 4048 987 4110 iu
1004 4046 1203 4107 hexametrum
1217 4063 1334 4107 versum

117 4142 243 4220 recipi.”
317 4141 541 4204 Commentator
556 4141 745 4217 Cruquianus
760 4139 867 4218 p.373⁶
880 4141 1006 4203 “Valeri
1016 4157 1070 4218 per
1080 4158 1246 4218 apocopen,
1259 4141 1335 4202 sicut

123 4239 205 4317 apud
225 4236 372 4303 Lucilium
394 4238 509 4299 ‘Valeri
524 4283 530 4298 .
543 4283 550 4300 .
564 4283 570 4298 .
584 4236 667 4298 dia’.’'

203 4407 287 4481 llio.
327 4419 419 4482 Ianus
439 4419 545 4482 Densa
565 4419 718 4480 colamnam
737 4418 861 4482 Momia'
882 4437 942 4478 mm
956 4401 1065 4496 peteret
1084 4417 1132 4476 vel
1152 4421 1292 4495 temperet.
1330 4473 1334 4480 .

1085 4511 1133 4579 9*
1338 4674 1623 4856 ⁴
