3300 5166
322 356 366 422 34
637 313 640 322 ¹
885 358 968 410 vnn

339 535 389 595 tul
715 525 789 613 ipsa
809 526 860 594 his
883 547 901 594 e
924 528 1012 593 corio
1035 525 1144 594 omnia
1166 525 1248 592 lora.

429 700 587 785 scaberat,
611 705 646 765 ut
667 719 784 786 porcus
808 697 954 765 contritis
976 699 1091 764 arbore
1114 697 1210 764 costis

344 869 365 911 *
430 877 464 936 tu
487 871 569 937 milli
592 890 754 938 nummum
777 877 868 956 potes
890 889 954 935 unu
978 887 1134 953 quaerere
1158 875 1293 935 centum.

429 1062 494 1108 nun
516 1042 596 1112 haec
619 1040 697 1128 quid
721 1040 861 1125 valcant,
885 1039 1006 1125 quidve
1030 1037 1090 1104 huc
1111 1039 1194 1105 inter
1217 1041 1279 1107 siet
1300 1041 1389 1126 illud,

431 1145 622 1228 cognoscis?
651 1145 787 1230 primum
809 1144 871 1209 hoc
893 1141 981 1228 quod
1003 1141 1138 1207 dicimus
1161 1161 1232 1208 esse
1254 1149 1379 1229 poema,

341 1251 395 1311 ³⁰⁰
430 1265 507 1332 pars
530 1253 579 1313 est
599 1265 703 1331 parva
725 1251 850 1330 poema,
874 1249 991 1331 poema
1014 1243 1284 1329 epigrammation
1306 1247 1358 1312 vel

431 1348 610 1431 distichum,
635 1348 776 1433 epistula
797 1349 873 1413 item
896 1347 1030 1430 quaevis
1053 1365 1118 1410 non
1141 1365 1261 1429 magna
1283 1353 1400 1433 poema
1422 1352 1480 1412 est.

429 1451 487 1516 illa
508 1449 615 1535 poe'sis
638 1469 718 1534 opus
741 1456 850 1533 totum,
874 1453 943 1513 tota
964 1447 1041 1514 Ilias
1065 1468 1130 1514 una
1152 1455 1209 1532 est,

432 1572 497 1618 una
519 1549 618 1632 θέσις
640 1559 715 1617 sunt
737 1552 872 1616 annales
895 1550 979 1615 Enni
1002 1556 1100 1634 atque
1122 1543 1205 1630 ἔπος
1226 1572 1332 1638 unum,

429 1662 462 1720 et
482 1656 587 1721 maius
609 1654 709 1720 multo
732 1661 780 1720 est
803 1673 899 1739 quam
923 1651 1010 1736 quud
1033 1651 1101 1717 dixi
1123 1657 1199 1719 ante
1222 1660 1347 1738 pue'ma.

343 1764 395 1824 ³⁰5
432 1777 496 1841 qua
518 1763 649 1842 propter
671 1754 753 1842 dico,
777 1775 871 1822 nemo
895 1755 950 1839 qui
973 1754 1081 1838 culpat
1103 1755 1278 1822 Homerum

431 1864 588 1947 perpetuo
612 1858 730 1944 culpat,
753 1877 858 1942 neque
881 1855 968 1941 quod
991 1855 1060 1921 dixi
1083 1861 1158 1922 ante
1181 1860 1309 1943 poesin:

430 1982 558 2032 versum
581 1981 679 2027 unum
703 1959 821 2045 culpat,
845 1958 987 2042 verbum,
1010 1958 1217 2044 enthymema
1240 1960 1395 2030 locumve.

332 2083 543 2104 m

401 2137 467 2198 295.
509 2132 662 2194 Charisius
676 2150 704 2209 p.
717 2128 752 2189 ll
775 2128 875 2190 “Lora
892 2134 1031 2204 correpta
1045 2129 1141 2206 prima
1156 2130 1273 2208 syllaba
1287 2137 1317 2193 et
1331 2133 1470 2193 feminino
1484 2152 1537 2210 ge·

327 2247 396 2291 nere
411 2227 538 2288 dicenda
551 2233 611 2300 est;
633 2225 781 2304 producta
795 2229 894 2284 antem
908 2223 1082 2282 neutraliter
1095 2241 1111 2282 e
1128 2227 1209 2285 corio
1229 2227 1358 2301 vincula,
1378 2235 1411 2287 nt
1431 2236 1461 2288 et
1474 2228 1538 2287 Lu·

326 2323 409 2384 cilius
430 2318 659 2396 in1x‘ipsasr
680 2337 714 2376 srr
737 2319 816 2378 corio
838 2315 936 2376 omnia
955 2316 1055 2376 lora'.”

401 2419 468 2476 296.
507 2411 680 2474 Priscianus
701 2432 729 2491 p.
747 2414 804 2474 884
824 2410 986 2471 “Similiter
1007 2413 1099 2473 scabo
1121 2414 1213 2474 scabi.
1251 2414 1329 2473 idem
1351 2415 1485 2475 Lucilius
1506 2416 1538 2474 in

325 2530 358 2568 rx
379 2509 476 2587 (unus
498 2507 610 2567 alterve
631 2523 760 2566 meorum
781 2506 869 2566 codd.
884 2505 921 2564 κ]
942 2504 1096 2582 Krehlius)
1118 2505 1267 2568 ‘scaberah
1288 2509 1474 2569 ...costis'.”

402 2599 467 2663 297.
510 2599 625 2660 Gellius
646 2621 666 2676 r,
684 2605 718 2661 16
740 2601 772 2659 et'
789 2619 825 2659 cx
847 2617 881 2658 eo
903 2597 1076 2658 Macrobius
1102 2597 1223 2661 Saturn.
1238 2605 1290 2677 r,5
1312 2601 1465 2661 “Lucilius
1486 2621 1537 2661 au-

324 2703 383 2757 tem
403 2703 523 2774 praeter
543 2695 622 2774 quod
645 2712 735 2769 supra
755 2694 843 2769 posui
868 2691 926 2752 alio
948 2711 1066 2770 quoque
1093 2695 1122 2752 in
1142 2696 1209 2754 loco
1229 2696 1259 2754 id
1280 2696 1466 2755 manifestius
1486 2697 1537 2755 de-

324 2797 484 2868 monstrat,
510 2788 626 2849 namin
647 2787 723 2845 libro
745 2786 964 2866 quintodecimo
987 2787 1030 2847 ita
1054 2787 1125 2847 dicit
1149 2787 1235 2849 ‘hunc
1256 2790 1326 2848 milli
1347 2807 1468 2868 passum
1482 2835 1488 2848 .
1502 2835 1508 2848 .
1521 2790 1537 2847 .'

324 2884 393 2944 item
420 2883 478 2942 alio
504 2883 533 2942 in
553 2883 629 2942 libro
650 2898 728 2939 nono
751 2879 791 2939 ‘tu
813 2880 884 2938 milli
905 2881 1102 2948 ...centum'
1137 2882 1208 2940 milli
1234 2901 1356 2959 passum
1383 2882 1458 2944 dixit
1482 2901 1537 2959 pro

325 2978 403 3036 mille
423 2977 564 3054 passibus
586 2983 616 3036 ct
635 2992 693 3034 uno
713 2972 785 3031 milli
805 2990 951 3032 nummum
973 2991 1027 3049 pro
1049 2974 1113 3031 unis
1134 2976 1213 3034 mille
1235 2979 1359 3036 nummis
1375 2982 1537 3055 aperteque

325 3068 456 3128 ostendit
485 3070 564 3130 mille
590 3073 621 3130 ct
646 3067 824 3128 vocabulum
849 3084 915 3124 esse
943 3075 973 3125 ct
997 3067 1140 3142 singulari
1167 3087 1289 3128 numero
1320 3070 1379 3130 diei
1412 3071 1537 3149 eiusque

326 3163 506 3240 plurativum
527 3183 594 3225 esse
615 3163 695 3223 milio
715 3168 745 3221 et
766 3179 867 3221 casum
888 3159 977 3219 etiam
999 3179 1107 3237 capere
1128 3163 1315 3223 ablativum.”
1480 3161 1486 3174 '

400 3261 467 3318 298.
507 3257 623 3318 Nonius
643 3276 672 3334 p·
688 3257 788 3330 428,9
809 3255 937 3314 “Poesis
960 3261 989 3313 et
1010 3263 1117 3330 poema
1136 3255 1213 3316 hanc
1228 3257 1339 3318 habent
1355 3256 1535 3318 distantiam.

393 3351 524 3412 Lucilius
552 3358 716 3429 satyrarum
740 3349 792 3409 lib.
807 3367 872 3405 vun
900 3349 968 3407 ‘non
993 3349 1066 3409 haec
1092 3349 1164 3427 quid
1187 3371 1307 3410 vrnaar
1329 3369 1456 3429 ...pars
1491 3357 1538 3411 est

323 3464 419 3524 parva
443 3456 550 3523 poema
574 3465 650 3506 insu
675 3443 805 3522 epistula
831 3444 954 3521 itemque
974 3442 1017 3503 vis
1102 3462 1178 3522 opus
1200 3452 1293 3507 totum
1314 3453 1441 3506 totaaurr
1463 3464 1537 3503 rnna

324 3559 431 3599 sumus
454 3546 500 3600 est
527 3558 587 3598 nna
612 3538 702 3607 θέσις
726 3557 767 3595 ur
794 3539 915 3598 annales
941 3537 1008 3596 enni
1034 3547 1122 3615 atque
1149 3557 1228 3598 sroc
1252 3559 1340 3600 unum
1364 3559 1419 3598 usn
1443 3540 1537 3599 maius

324 3636 415 3695 multo
430 3641 476 3694 est
498 3679 544 3695 ...
560 3631 666 3709 poesin
689 3650 846 3689 ruvrnsmu
862 3650 950 3690 unum
972 3638 1199 3708 ...entymema
1213 3634 1415 3692 rrusnocuru'.
1441 3633 1537 3692 Varro
1575 3675 1584 3690 .

326 3729 513 3790 Parmenone
535 3725 659 3785 ‘Poenis
680 3728 727 3784 est
746 3725 822 3784 lexis
845 3724 1024 3801 eurythmos,
1047 3725 1145 3785 idest
1166 3729 1259 3788 verba
1278 3729 1363 3804 plora
1379 3727 1493 3786 modice
1507 3723 1538 3786 in

325 3821 474 3900 quandam
498 3821 632 3880 coniecta
654 3819 786 3880 sormam.
820 3819 920 3895 itaque
941 3820 1028 3878 etiam
1049 3821 1173 3896 dysticon
1188 3827 1417 3899 epiproromutioo
1430 3826 1539 3880 vocant

325 3926 442 3994 poema.
473 3914 573 3992 poesis
594 3919 640 3972 est
658 3919 834 3990 perpetuum
854 3916 1060 3988 argumentum
1075 3931 1112 3972 ex
1126 3913 1257 3990 rythmis,
1278 3923 1311 3974 nt
1331 3918 1402 3974 Ilius
1416 3914 1537 3974 Homeri

326 4017 356 4071 et
378 4009 490 4071 annalis
511 4008 608 4068 Enni.
647 4007 767 4083 poetice
787 4012 833 4066 est
853 4024 903 4066 ars
925 3995 1028 4066 earum
1046 4005 1177 4066 rerum'.”

326 4120 526 4132 n—-·—·-·

403 4175 468 4233 3⁰2.
509 4182 569 4230 totu
588 4171 662 4230 Ilias
680 4187 738 4228 una
759 4168 850 4228 Ianus
871 4168 984 4229 Duusa.

402 4251 467 4310 304.
508 4250 550 4308 Et
567 4252 656 4306 muira
681 4247 765 4304 multo
790 4264 874 4322 mum
898 4243 1077 4305 Gerlachins
1099 4243 1418 4323 ediditsinprudens,
1444 4246 1538 4308 voluit

324 4327 415 4401 enim,
436 4331 469 4385 nt
488 4324 580 4386 Ianus
600 4326 712 4399 Densa,
733 4323 787 4382 Eu
805 4326 894 4382 muru
912 4325 997 4383 multo
1017 4341 1108 4398 quemn

403 4401 470 4464 307.
518 4405 631 4463 Versum
650 4422 733 4460 uuum
756 4400 867 4460 Iunius.
