3300 5166
300 315 344 382 42
880 316 935 366 ΧΠ

409 488 502 573 estro
523 487 630 548 castra
650 485 686 546 ut
707 484 822 549 stercu'
847 481 937 550 foras
959 483 1052 549 eiecit
1073 481 1116 548 ad
1138 501 1246 550 uuum.

322 693 373 753 ³66
411 687 486 753 inde
510 686 599 752 venit
619 689 754 753 Romam
775 693 866 753 tener
887 687 959 772 ipse
982 686 1077 753 etiam
1100 692 1197 772 atque
1219 686 1357 773 puellus.

862 1052 951 1138 XII

410 1285 495 1352 huno'
517 1284 595 1368 iuga
616 1286 773 1350 mulorum
795 1284 920 1369 protelo
944 1284 1061 1351 ducere
1087 1290 1213 1350 cauum

411 1408 476 1454 non
498 1395 641 1473 possunt.

414 1587 544 1657 firmiter
566 1592 627 1658 hoo
644 1591 822 1677 periteque
842 1595 897 1656 tuo
920 1590 961 1656 sit
981 1595 1111 1675 pectore
1133 1588 1241 1655 fixum.

415 1793 489 1858 huic
512 1794 634 1861 homiui
658 1800 829 1879 quaestore
852 1787 963 1880 aliquo
986 1815 1058 1860 esse
1081 1814 1163 1880 opus
1184 1792 1453 1892 atquechorago,

324 1902 374 1964 llo
417 1895 589 1979 publicitus
612 1897 667 1981 qui
689 1896 734 1961 mi
757 1902 853 1980 atque
876 1916 894 1961 e
916 1897 992 1962 fisco
1015 1897 1170 1983 praebeat
1191 1915 1314 1962 aurum.

413 2099 507 2184 huuc,
531 2098 638 2183 siquid
664 2101 774 2184 pueris
795 2101 898 2184 nobis,
922 2121 974 2167 me
996 2107 1028 2168 et
1050 2100 1158 2186 lratre,
1181 2099 1301 2182 fuisset,
1376 2065 1377 2068 Ἴ

386 2361 451 2419 365.
495 2359 669 2418 Priscianus
690 2377 720 2435 p.
734 2357 788 2419 cel
811 2358 901 2418 “Non
922 2367 969 2419 est
989 2366 1087 2419 tamen
1107 2356 1302 2432 ignorandum
1327 2355 1409 2432 quod
1432 2357 1520 2416 etiam

308 2453 356 2513 hic
383 2471 502 2530 pueros,
527 2452 575 2511 hic
601 2459 631 2512 et
656 2453 730 2513 haec
756 2472 839 2529 puer,
866 2454 1057 2514 vetustissimi
1082 2452 1241 2527 protulisse
1261 2451 1463 2524 inveniuntur,
1492 2455 1521 2509 et

308 2548 426 2623 puellus
446 2546 565 2624 puella.
606 2548 739 2607 Lucilius
759 2549 789 2607 iu
810 2567 842 2605 xi
864 2547 941 2606 ‘inde
960 2549 1105 2608 ...etiam
1126 2552 1214 2622 atquc
1235 2543 1330 2622 (atquc
1349 2549 1431 2604 ctiam
1446 2545 1520 2604 Put-

311 2640 422 2716 schius)
442 2640 597 2717 puellus'.”

385 2752 437 2790 xu.
477 2733 638 2793 Diomedes
659 2753 688 2810 p.
702 2734 760 2792 485
787 2731 869 2790 “Alii
894 2751 913 2793 a
938 2736 1006 2794 vino
1034 2735 1228 2808 arbitrantur,
1255 2737 1414 2809 propterea
1440 2731 1521 2808 quod
1636 2731 1637 2774 l

311 2828 381 2886 olim
396 2828 493 2886 vinum
511 2826 704 2888 dictitabatur
717 2821 793 2902 τρύξ
805 2845 823 2885 a
836 2845 895 2904 quo
906 2819 1056 2904 τρύγητος
1071 2826 1158 2886 hodie
1173 2845 1291 2904 quoque
1306 2824 1454 2885 vindemia
1468 2830 1522 2900 est,

309 2924 379 2999 quia
393 2921 582 2981 Liberalibus
598 2919 679 2996 apud
694 2921 812 2980 Atticos
830 2922 877 2980 die'
892 2923 971 2981 festo
992 2921 1095 2981 Liberi
1114 2921 1210 2998 patris
1231 2921 1329 2980 vinum
1351 2919 1522 2979 cantoribus

308 3003 364 3092 pro
385 3015 542 3076 corollario
563 3013 701 3087 dabatur,
725 3015 808 3073 cuius
829 3015 872 3074 rei
893 3016 978 3074 testis
1000 3020 1046 3075 est
1065 3014 1201 3074 Lucilius
1221 3015 1252 3074 iu
1272 3013 1343 3074 x11.'’

388 3110 453 3168 366.
494 3107 610 3166 Nouius
626 3126 655 3185 p.
668 3108 761 3183 363‚'l
779 3107 951 3169 “Protelare
966 3126 1068 3168 rursus
1083 3108 1233 3177 adiuvere.
1256 3153 1302 3168 ...
1324 3106 1403 3166 idern
1416 3107 1467 3168 lib.
1479 3126 1524 3166 xu

311 3201 400 3262 ‘hunc
415 3249 421 3262 .
434 3247 459 3260 ..
475 3201 636 3277 possuut'.’'

388 3298 454 3356 368.
493 3295 610 3354 Nouius
631 3313 661 3372 p.
677 3297 743 3369 512,
757 3297 794 3354 20
816 3295 976 3356 “Firmiter
991 3313 1046 3373 pro
1060 3296 1150 3356 firme.
1239 3294 1317 3354 idem
1337 3293 1387 3354 lib.
1401 3311 1446 3350 xu
1466 3291 1522 3352 ‘fir-

310 3389 396 3448 miter
415 3388 471 3447 hoc
492 3406 685 3465 scurrasque
700 3434 706 3448 .
720 3433 746 3448 ..
761 3389 886 3448 fixum'.''
1285 3463 1287 3468 ,

388 3485 453 3540 369.
495 3480 611 3539 Nouius
632 3500 662 3558 p.
679 3484 777 3554 olea
799 3481 986 3543 “Publicitus
1006 3501 1060 3561 pro
1082 3483 1220 3560 publice.
1255 3480 1390 3540 Lucilius
1411 3485 1524 3556 satyra·

312 3595 375 3636 rum
400 3577 453 3636 lib.
468 3580 518 3631 'xu
547 3571 629 3634 ‘huie
656 3575 766 3634 homini
790 3581 928 3653 questore
1012 3595 1124 3654 corago
1146 3577 1272 3636 ...milri
1300 3581 1389 3651 atque
1414 3591 1523 3632 ssrsco

311 3672 458 3748 praebeat
478 3667 616 3727 aurum'.''
1112 3739 1114 3746 y

390 3760 456 3825 371.
498 3759 620 3820 Servius
642 3761 680 3820 ad
700 3762 854 3823 Aeneidos
875 3782 907 3841 u,
922 3761 956 3823 l'l
979 3763 1021 3840 (p.
1035 3767 1073 3824 28
1092 3763 1198 3844 partic.
1212 3781 1234 3819 11
1258 3760 1383 3839 Bergk.)
1403 3759 1527 3820 “Fuerit

315 3858 523 3936 quodcunque.
545 3901 593 3915 ...
615 3873 686 3916 saue
709 3856 907 3935 quodcunque
927 3863 1043 3918 vetusta
1063 3875 1135 3918 uoce
1150 3859 1273 3915 mortem
1289 3853 1450 3932 significari
1466 3854 1526 3913 Lu·

317 3952 402 4011 cilius
421 3952 510 4011 docet
530 3950 560 4008 in
580 3968 624 4007 xu
646 3949 733 4009 ‘hunc
749 3938 942 4024 ...fuisset’‚'
954 3951 1011 4011 hoc
1032 3957 1078 4010 est
1094 3952 1120 4010 si
1133 3968 1210 4010 mors
1226 3951 1273 4010 vel
1287 3967 1332 4009 me
1346 3948 1393 4009 vel
1407 3948 1527 4007 fratrem

313 4045 538 4122 oppressisset.’'

390 4288 456 4345 366.
496 4281 613 4344 Nouius
635 4281 751 4342 delirat.

391 4359 457 4424 370.
498 4381 512 4420 a
524 4363 595 4436 flacc
616 4359 708 4420 Ianus
730 4357 913 4421 Gulielmius.
