3300 5166
694 345 764 398 vm

140 515 192 576 tlt
231 513 299 576 tum
321 511 396 578 latu’
421 513 584 599 componit
604 511 708 598 lateri,
732 520 764 578 et
787 533 857 579 cum
880 522 1009 600 pectore
1031 523 1144 601 pectus

230 732 308 800 lena
329 754 426 801 manu
447 735 598 803 lacrimas
621 737 744 802 mutoni
767 735 932 820 absterget
954 738 1067 804 amica.

230 975 368 1038 quarum
391 963 423 1022 et
443 959 642 1027 abundemus
665 982 771 1028 rerum
794 965 826 1026 ct
848 980 982 1046 quarum
1004 961 1219 1044 indigeamus.

229 1189 343 1237 verum
367 1169 485 1238 flumen
507 1173 573 1258 ubi,
597 1179 695 1260 atque
717 1175 788 1260 ipso
811 1173 951 1241 divortio
974 1191 1138 1258 aquarum,

230 1272 363 1356 iligneis
386 1275 524 1361 pedibus
547 1295 711 1352 cercurum
734 1278 864 1344 roboret
886 1277 1007 1360 aequis.

134 1491 182 1550 tlt
230 1485 332 1549 tentet
354 1499 434 1570 opus

227 1706 347 1772 saltere
369 1725 550 1791 muraenas,
573 1725 711 1772 mercem
733 1711 767 1776 in
789 1710 950 1794 frigdario
972 1710 1066 1796 forre,

194 1995 264 2058 270.
306 1995 423 2058 Nonius
443 2015 472 2076 p.
489 1999 556 2073 260,
570 1999 608 2057 29
629 1997 844 2078 ‘Componere,
866 2001 1054 2077 coniungere.
1076 1998 1214 2060 ...idem
1235 1997 1263 2056 in
1284 2013 1332 2056 co·

120 2089 186 2150 dem
208 2092 393 2170 (praecessit
412 2109 516 2151 versus
536 2093 604 2168 268)
626 2092 721 2152 ‘suum
742 2113 846 2153 aarum
868 2095 1019 2171 componit
1033 2093 1223 2171 ...pectus'.”

194 2184 264 2245 201.
305 2187 526 2246 Commentator
559 2186 748 2262 Cruquianus
784 2188 823 2249 ad
854 2189 974 2249 Horatii
1006 2205 1171 2248 sermonum
1195 2207 1219 2263 1,
1239 2189 1273 2262 2,
1295 2188 1331 2244 68

120 2277 222 2339 “Muto
245 2285 344 2339 autem
365 2279 473 2339 dicitur
493 2281 654 2340 membrum
679 2282 771 2343 virile.
812 2290 845 2344 ut
869 2281 965 2342 Lucil.
985 2284 1036 2344 lib.
1058 2290 1165 2343 octauo
1187 2281 1266 2342 ‘lena

119 2373 249 2434 amiea’.”
336 2451 337 2454 Ἴ
369 2378 469 2434 Acron
495 2373 599 2434 eadem
626 2374 718 2435 habet
738 2377 797 2453 sic,
819 2376 872 2436 “ut
891 2376 1024 2436 Lucilius
1048 2379 1078 2436 in
1104 2381 1130 2436 8.
1152 2375 1227 2435 libro
1249 2373 1332 2433 ‘tocco

118 2470 173 2525 ium
187 2468 361 2545 lachrymas
425 2469 558 2529 amica'.”
657 2471 825 2548 Porphyrio
848 2469 1018 2530 “Mutonem
1037 2489 1093 2548 pro
1114 2455 1190 2530 virili
1202 2470 1332 2528 membro

122 2559 194 2622 dixit
213 2563 365 2622 Lucilium
385 2561 530 2623 imitatus:
550 2564 657 2624 etenim
673 2565 722 2624 ille
741 2565 771 2624 in
791 2567 818 2623 4.
834 2565 876 2624 sic
898 2566 948 2639 ait,
968 2565 1071 2624 ‘Lucro
1083 2569 1141 2623 iam
1154 2564 1331 2623 ...amica'.'’

195 2657 247 2718 Pr.
267 2657 373 2718 Dousa
387 2658 418 2716 in
434 2660 565 2718 auctario
581 2658 650 2718 edit.
669 2659 858 2737 Cruquianae
875 2677 904 2736 p.
917 2657 989 2722 690¹³
1011 2659 1226 2736 Porphyrionis
1241 2659 1333 2718 rerba

120 2751 250 2828 exhibet,
273 2751 326 2811 sed
346 2751 402 2811 hoe
422 2752 520 2828 modo,
542 2753 610 2814 “ille
627 2754 745 2814 enimin
767 2761 875 2814 octavo
892 2759 1056 2831 satyrarum
1071 2755 1114 2814 sic
1129 2753 1179 2828 ait,
1201 2753 1238 2810 ‘A
1251 2756 1332 2811 laeua

120 2844 261 2908 lacrimas
283 2892 328 2907 ...
344 2847 474 2907 amies'.”
871 2899 873 2904 .

194 2939 263 3001 2⁷2.
304 2941 419 3001 Nonius
433 2959 462 3018 p.
473 2943 568 3018 498‚8
583 2941 760 3002 “Genitirus
774 2943 891 3019 positus
906 2959 960 3015 pro
975 2943 1116 3004 ablativo.
1138 2988 1182 3002 ...
1197 2941 1330 3000 Lucilius

121 3041 286 3111 satyrarum
306 3036 358 3097 lib.
372 3056 404 3094 vr
424 3035 553 3097 ‘hortare
573 3037 689 3096 illorum
712 3037 737 3096 si
757 3037 869 3114 possim
884 3037 968 3113 capis
983 3037 1099 3096 sortiri'.
1130 3036 1208 3096 idem
1228 3035 1279 3094 lib.
1305 3047 1336 3088 rr

121 3125 175 3202 (lit.
194 3143 253 3186 rrrr
269 3129 443 3206 Leideusis)
465 3129 599 3207 ‘quarum
619 3138 650 3191 et
670 3131 954 3207 ...indigeamus'.’'

195 3224 263 3285 273.
306 3225 422 3284 Nonius
447 3243 475 3302 p.
491 3225 557 3302 533,
579 3223 615 3284 27
639 3225 793 3303 “Corcyrae
818 3228 902 3287 navis
930 3230 976 3284 est
1001 3225 1117 3286 Asiana
1143 3224 1349 3316 pergrandis.¹

181 3319 319 3380 Lucilius
340 3325 506 3396 satyrarum
526 3319 576 3377 lib.
591 3338 645 3377 vru
668 3319 778 3380 ‘rerum
799 3319 905 3380 flumen
925 3339 978 3378 urr
999 3326 1089 3396 atque
1111 3319 1177 3395 ipso
1204 3317 1331 3378 divortio

121 3427 221 3471 ramnus
241 3413 373 3492 pedibus
394 3432 534 3490 cyrcaram
554 3431 744 3472 coucuuusr
765 3415 873 3492 equls’.'’
974 3464 976 3468 .

198 3508 266 3568 275.
304 3507 477 3568 Priscianus
492 3527 519 3586 p.
533 3509 589 3568 800
601 3506 682 3586 (880)
694 3508 743 3568 “N
746 3526 792 3568 am
805 3510 929 3568 alenteo
945 3509 1079 3568 lentesco
1090 3506 1250 3580 derivatur,
1260 3525 1330 3584 quo·

121 3600 206 3661 modo
223 3622 241 3662 a
255 3603 347 3663 dureo
368 3602 498 3662 duresco
519 3611 550 3662 et
568 3603 682 3662 avireo
697 3604 820 3662 viresco.
851 3602 984 3662 Lucilius
998 3609 1096 3662 tamen
1113 3603 1142 3660 in
1155 3619 1208 3658 rur
1230 3600 1333 3660 ‘lentat

121 3697 202 3770 opus’
224 3697 374 3777 protulit.”
494 3697 712 3757 Grammaticus
733 3695 976 3756 vindobonensis
997 3714 1026 3772 p.
1043 3695 1097 3755 172
1121 3695 1291 3757 “Lentesco
1313 3713 1331 3753 a

121 3789 210 3850 aerbo
230 3793 331 3852 lentet.
372 3790 506 3850 Lucilius
526 3792 627 3852 ‘lentct
648 3791 757 3868 opus'.''

196 3884 261 3947 aio.
303 3887 478 3946 Priscianus
499 3905 528 3964 p.
545 3888 602 3945 909
629 3883 745 3945 “Sallio
772 3885 900 3944 saliitum
926 3886 1013 3961 facit,
1042 3885 1116 3944 sallo
1143 3884 1262 3944 salsum.

122 3977 256 4042 similiter
276 3981 410 4041 Lucilius
430 3982 460 4039 in
481 4000 534 4038 vrrr
555 3980 672 4041 ‘saliere
755 3977 898 4054 frigdaria
918 3981 974 4055 (sic
1002 3978 1105 4037 Iunius
1127 3996 1164 4036 ex
1185 3979 1261 4036 libro
1282 3993 1330 4037 vc-

122 4073 195 4130 tcre:
215 4073 356 4136 Krehlius
377 4093 444 4136 cum
463 4073 608 4135 Putschio
622 4075 782 4152 sapidam
802 4071 923 4131 exhibet
943 4080 973 4131 et
993 4071 1085 4148 tacet)
1107 4059 1217 4131 terre'ss'

124 4216 330 4234 “Q-.....-

200 4324 265 4385 270.
309 4325 378 4384 Tam
398 4325 471 4384 lctus
490 4326 642 4386 Mercerus
662 4322 764 4384 edidit.

197 4399 262 4464 2'l3.
307 4421 442 4482 aquaram
462 4403 563 4481 Ilipois
583 4401 696 4462 Iunius.

1297 4522 1502 4688 A*
