3300 5166
720 385 749 436 11

239 552 274 612 ut
294 549 492 617 luroharetur
513 551 641 620 lardum
664 559 696 620 et
717 555 876 641 carnaria,
899 556 1008 624 furtim

238 658 366 736 partum
390 653 581 722 conficeret?

738 845 898 913 hostilibu’
928 853 1040 914 eontra

166 956 201 1014 5⁰
240 948 364 1028 pestem
386 946 635 1033 perniciemque,
660 955 753 1016 cutax
776 970 874 1034 quam
896 956 927 1016 et
948 951 1079 1017 Manliu'
1102 953 1197 1019 nobis

535 1134 591 1202 vix
613 1135 688 1202 vivo
711 1137 832 1204 bomini
855 1157 894 1205 ae
917 1158 1168 1226 monogrammo.

594 1393 596 1398 ,
684 1328 713 1394 si
734 1325 864 1403 natibus
886 1328 1041 1396 natricem

238 1423 390 1509 inpressit
412 1446 557 1496 crassam
580 1436 612 1496 et
633 1430 807 1517 capitatam

583 1619 615 1684 in
637 1620 770 1704 bulgum
793 1624 962 1703 penetrare
984 1621 1122 1705 pilosam

164 1816 196 1873 ⁵5
525 1826 585 1891 ego
608 1826 691 1891 quae
713 1826 800 1873 nunc
820 1805 960 1873 Aemilio
984 1825 1063 1891 prae

238 1910 331 1972 canto
353 1912 451 1992 atque
474 1908 571 1992 exigo
594 1915 626 1975 et
648 1917 794 1978 excanto.

237 2114 322 2159 nunc
342 2116 459 2163 nornen
482 2098 644 2183 vitamque
668 2116 709 2163 ex
730 2098 865 2165 testibus
888 2099 958 2184 ipse
979 2098 1124 2182 rogando

237 2199 381 2286 exculpe.
405 2199 484 2266 baec
507 2199 623 2267 diuam.

125 2429 339 2448 ῃ

203 2518 252 2576 le.
294 2516 410 2576 Nonius
431 2536 460 2594 p.
473 2521 521 2592 25,
537 2522 572 2578 19
594 2517 717 2582 “Catax
737 2518 845 2577 dicitur
866 2535 952 2595 quenr
974 2537 1051 2578 nunc
1066 2537 1210 2580 euxonern
1225 2528 1341 2581 vocant.

127 2613 262 2672 Lucilius
284 2617 448 2688 satyrarum
461 2631 483 2668 11
505 2613 672 2674 ‘hostilibus
761 2613 882 2672 nobis'.”
960 2613 1046 2672 Idem
1066 2633 1094 2690 p.
1106 2617 1172 2686 218,
1188 2619 1225 2675 32
1246 2615 1341 2675 “Per-

127 2707 214 2768 nities
241 2707 359 2782 generis
385 2707 524 2768 feminini.
564 2707 697 2768 Lucilius
722 2713 887 2784 satyrarum
913 2707 963 2768 lib.
982 2701 1010 2764 11'
1029 2708 1153 2786 ‘pestem
1173 2709 1341 2786 pernitiem·

127 2820 185 2880 que
273 2801 405 2861 accius'.”
1177 2793 1181 2800 ’

205 2900 253 2956 51.
293 2896 410 2954 Nonius
430 2915 459 2973 p.
475 2894 526 2969 at,
549 2899 585 2954 14
618 2895 855 2971 “Monogrammi
886 2895 958 2955 dicti
988 2904 1055 2957 sunt
1083 2898 1217 2958 homines
1248 2899 1342 2958 macie

127 2997 287 3068 pertenues
309 3009 344 3049 ac
365 2991 530 3050 decolores.
551 2997 677 3052 tractum
697 3010 715 3050 a
735 2991 861 3069 picture,
882 3008 959 3068 quac
980 2991 1060 3068 prius
1082 3011 1170 3070 quarn
1191 2993 1342 3054 coloribus

127 3090 308 3163 corporatur
332 3087 435 3144 umbra
461 3085 589 3160 lingitur.
632 3084 766 3145 Lucilius
787 3086 837 3144 lib.
854 3104 875 3142 11
903 3085 962 3146 ‘vix
984 3087 1051 3147 vivo
1072 3086 1147 3162 (cino
1168 3087 1342 3164 Guelferby-

126 3180 229 3257 tanus)
253 3227 259 3240 .
273 3227 296 3240 ..
317 3181 557 3256 monogrammo'.
584 3180 647 3240 ...''

205 3278 252 3336 52.
293 3275 409 3335 Nonius
435 3293 465 3351 p.
479 3277 529 3344 65,
550 3276 587 3333 29
619 3272 778 3334 “Nutrices
809 3275 946 3335 dicuntur
976 3292 1089 3352 angues
1120 3281 1267 3334 natantes.

127 3371 263 3430 Lucilius
286 3375 451 3430 saturarum
471 3369 559 3428 lib.11
580 3368 616 3428 ‘si
702 3368 899 3444 capitatan’.”

206 3467 253 3525 54.
294 3464 410 3523 Nonius
430 3482 460 3540 p.
478 3461 542 3536 185,
565 3465 599 3523 18
626 3460 758 3538 “Vulga,
778 3463 931 3538 capacitas
952 3464 999 3522 vel
1021 3464 1103 3522 sinus
1124 3480 1190 3522 curn
1210 3464 1343 3522 laxitate.

131 3561 267 3620 Lucilius
288 3560 339 3618 lib.
354 3559 435 3644 nfiu
454 3561 566 3636 vulpam
585 3561 741 3633 penetrare
761 3557 904 3632 pilosem'.
927 3557 990 3618 ...''

207 3658 254 3716 55.
295 3653 411 3714 Nonius
433 3671 461 3730 p.
476 3655 584 3726 102‚9
616 3651 807 3712 “Excantare
835 3649 984 3726 siguificat
1009 3652 1175 3712 excludere.
1218 3653 1344 3712 Plautus

129 3749 333 3810 Bacchidibus
354 3748 442 3822 ‘nam,
462 3745 563 3820 credo,
584 3746 677 3806 cuivis
698 3753 859 3806 excantare
880 3763 932 3805 cor
951 3747 1069 3823 potest'.
1110 3745 1242 3805 Lucilius
1265 3753 1344 3821 saty-

130 3862 229 3905 rarum
253 3843 339 3902 librr
365 3842 456 3902 ‘oona
483 3859 542 3901 roo
567 3859 645 3900 nune
733 3841 879 3901 excanto’.
920 3839 1018 3900 Varro
1044 3840 1259 3900 Eumenidibus
1286 3839 1346 3899 'ubi

131 3937 234 3996 vident
254 3953 286 3995 se
307 3935 457 3996 cantando
478 3954 516 3994 ex
537 3953 590 3996 ara
611 3942 771 3996 excantare
792 3953 851 3995 non
871 3951 973 4011 posse,
994 3934 1128 4013 deripere
1142 3933 1320 4011 incipiuut’.'’

209 4032 256 4092 55.
299 4030 416 4090 Nonius
437 4049 466 4106 p.
484 4031 552 4107 102,
574 4031 611 4089 20
643 4028 832 4106 “Exculpere
857 4036 903 4088 est
928 4033 1114 4107 extorquere.
1213 4026 1346 4087 Lucilius

132 4134 296 4204 satyrarum
316 4126 368 4186 lib.
383 4146 405 4184 rr
427 4125 514 4184 'nunc
536 4141 642 4184 nomeu
663 4142 783 4184 rancun
874 4121 1005 4182 dicam’.”

132 4309 174 4369 ibi
190 4308 328 4382 Scaliger
350 4305 466 4364 Lucilio
490 4309 622 4364 maenum
642 4295 852 4382 φυλακτήριον
872 4303 920 4363 rel
940 4294 1171 4380 προβασκάνιον
1191 4317 1258 4362 esse
1279 4316 1347 4360 cou-

133 4385 238 4456 tendit‚
257 4383 395 4460 idemque
416 4383 520 4443 scribit
539 4385 715 4460 subrectoqae
734 4386 821 4459 cipao.

208 4459 256 4526 47,
289 4465 393 4538 sortior
412 4460 580 4522 Turnebus.
