3298 5170
330 315 372 384 98
566 347 576 364 ·
904 311 984 372 xxx

438 487 545 573 gratia
566 487 703 556 habetur
724 488 877 576 utrisque,
901 490 1030 574 illisque
1052 489 1175 576 tibique
1197 490 1314 558 simitu.

438 658 590 749 quodque
612 659 695 730 adeo
719 661 839 729 luerint
861 662 925 756 qui
937 668 1080 730 temnere
1095 712 1103 726 .
1162 663 1374 749 ..superbum

436 833 547 1002 hiclut
568 833 769 920 muscipulae
790 800 901 904 tentae
922 841 1020 921 atque
1040 840 1076 902 ut
1097 835 1231 920 scorpio’
1256 837 1361 902 cauda

436 936 496 1004 sub
509 943 566 1004 ata

346 1114 396 1175 898
435 1129 519 1178 unus
542 1110 703 1177 consterni
725 1109 819 1177 nobis
842 1111 925 1179 vetu’
950 1109 1089 1178 restibus
1111 1117 1216 1198 apos.

440 1283 501 1349 hoc
523 1281 620 1349 etiam
642 1283 753 1368 accipe
776 1265 863 1367 quod
885 1281 974 1349 dico:
1001 1303 1076 1350 nam
1098 1283 1237 1369 pertinet
1258 1283 1300 1350 ad
1322 1304 1401 1352 rem.

436 1454 512 1542 quoi
533 1472 595 1521 sua
616 1454 963 1554 committuntmortali
985 1456 1126 1523 claustra
1148 1457 1324 1524 camenae?

682 1632 868 1714 quantoque
888 1626 1011 1715 pudore
1033 1649 1074 1697 ex
1095 1633 1226 1714 pectore
1249 1629 1345 1697 cessit

897 1800 1023 1897 conficit
1048 1800 1120 1888 ipsc
1142 1807 1338 1887 comestque.

404 1958 470 2018 891.
509 1951 624 2014 Nonius
644 1970 673 2032 p.
687 1951 751 2030 175,
768 1955 803 2014 15
824 1947 959 2030 “Simitm
980 1953 1073 2015 simul.
1104 1953 1237 2016 Lucilius
1257 1957 1335 2016 libro
1348 1953 1413 2014 xx'x
1434 1955 1543 2034 ‘gratia

330 2051 445 2116 ...illis
467 2066 550 2110 cusu
570 2067 627 2106 srcr
648 2065 729 2110 cusu
751 2047 885 2110 simitu’.”

403 2147 469 2208 892.
508 2142 625 2205 Nonius
645 2160 675 2220 p.
692 2144 756 2219 189,
774 2143 792 2202 3
814 2141 996 2217 “Temnere‚
1019 2151 1216 2208 contemnere.
1252 2139 1385 2205 Lucilius
1410 2143 1462 2206 lib.
1477 2164 1541 2204 mxx

327 2239 476 2321 ‘quodque
491 2284 498 2300 .
511 2284 518 2299 .
531 2284 538 2299 .
551 2243 679 2298 temnere
701 2237 896 2316 superbum'.'’
916 2311 919 2316 ¹
1271 2310 1276 2318 1
1633 2321 1634 2330 ³

403 2338 469 2396 893.
509 2333 625 2395 Nonius
646 2352 675 2411 p.
686 2335 750 2408 181,
765 2334 801 2392 31
823 2331 945 2392 “Teuta
965 2329 1075 2394 dictum
1095 2350 1150 2411 pro
1171 2340 1305 2396 extensa.
1328 2341 1419 2395 ...et
1438 2335 1469 2394 in
1489 2336 1539 2395 lib.
1633 2335 1634 2410 l

327 2451 395 2492 xxx
416 2429 473 2492 ‘hic
494 2435 526 2488 ut
545 2429 699 2505 mancipata
717 2431 817 2488 tentae
838 2446 909 2506 oque
930 2427 1063 2505 scorpios
1084 2427 1182 2488 cauda
1202 2428 1355 2489 sublata’.”
1454 2430 1540 2490 Idem
1633 2437 1634 2502 l

325 2548 356 2606 p.
370 2527 437 2602 266,
456 2525 474 2584 3
498 2522 702 2584 “Contentum
726 2523 832 2583 dicitur
857 2529 1019 2584 extensum.
1045 2567 1098 2582 ...
1119 2520 1254 2583 Lucilius
1280 2524 1330 2583 lib.
1344 2543 1410 2582 xxx
1430 2523 1488 2584 ‘hic
1509 2532 1542 2585 ut

325 2620 480 2700 muscipula
499 2627 625 2678 contacta
645 2627 727 2695 atque
751 2617 885 2694 scorpios
907 2617 1005 2679 cauda
1025 2616 1179 2677 sublata’.'’
1271 2617 1357 2676 Idem
1376 2637 1406 2696 p.
1421 2620 1488 2694 385,
1502 2621 1539 2677 30

327 2717 515 2791 “Sublatam
536 2717 674 2772 erectum.
759 2711 893 2772 Lucilius
908 2711 1032 2772 lib.xxx
1052 2711 1110 2772 ‘hic
1131 2717 1164 2772 ut
1182 2711 1365 2790 muscipulae
1386 2722 1482 2770 tactae
1496 2717 1538 2771 at-

327 2830 385 2892 quc
405 2818 438 2871 ut
457 2811 580 2885 scorpios
601 2805 698 2867 cauda
718 2806 872 2867 sublata’.’'
955 2866 959 2875 ,

403 2908 469 2966 895.
509 2902 624 2963 Nonius
645 2903 756 2980 pass,
778 2903 813 2961 16
839 2899 973 2978 “Aptum
997 2917 1112 2960 rursum
1139 2917 1283 2960 conexum
1311 2907 1341 2960 ct
1366 2901 1538 2978 colligatum
1633 2939 1634 2948 κ

326 3000 482 3078 siguificat.
505 3042 550 3059 ...
566 2996 698 3056 Lucilius
719 2995 770 3056 lib.
785 3015 850 3053 xxx
870 2995 955 3055 ‘unns
976 3013 1171 3052 consumamur
1190 2998 1269 3053 cocis
1283 3039 1290 3053 .
1303 3039 1310 3054 .
1322 3040 1329 3055 .
1342 2995 1466 3073 aptus’.''

402 3096 468 3154 896.
508 3091 624 3152 Nonius
638 3091 770 3169 patos
791 3089 970 3166 “Accipere
984 3089 1094 3150 audire.
1116 3135 1163 3152 ...
1177 3089 1311 3151 Lucilius
1324 3089 1375 3149 lib.
1386 3109 1452 3148 xxx
1471 3089 1537 3149 ‘hoc
1633 3127 1634 3182 p

445 3185 480 3214 ‚a

326 3205 466 3342 A&
505 3278 621 3341 Nonius
641 3281 745 3360 ρ.249,
762 3281 797 3340 14
817 3274 1041 3354 “committere,
1063 3275 1194 3352 credere,
1213 3276 1392 3356 permittere.
1415 3275 1536 3338 ...Lu
1633 3295 1634 3374 j

326 3378 410 3438 cilius
430 3375 482 3436 lib.
497 3394 564 3432 xxx
585 3375 669 3436 ‘uum
690 3393 745 3436 sua
761 3373 993 3436 ...camenae’.”

402 3472 468 3531 898.
509 3468 624 3532 Nonius
644 3489 673 3550 p.
688 3471 755 3546 250,
769 3471 807 3530 25
833 3467 972 3528 “Cedere
994 3465 1141 3543 significat
1166 3465 1328 3528 secundum
1348 3467 1538 3554 consuetudi·
1633 3467 1634 3470 ’

324 3585 391 3628 nem
412 3561 494 3626 abire
515 3571 685 3639 superatum
700 3570 730 3625 et
742 3563 840 3624 locum
854 3563 959 3623 victori
975 3562 1055 3624 dare.
1138 3562 1272 3623 Lucilius
1292 3564 1342 3623 lib.
1350 3582 1416 3620 xxx
1429 3561 1537 3624 ‘cuam
1633 3631 1634 3634 Ἴ

323 3680 431 3722 nouus
451 3658 566 3738 pudore
586 3658 696 3735 (pudor
717 3677 817 3719 omnes
838 3664 907 3717 ante
928 3657 1134 3718 Basileensem
1154 3656 1325 3734 editionem)
1350 3673 1387 3716 ex
1412 3662 1537 3734 pectore

394 3754 451 3783 .„‚
996 3765 1000 3768 Δ

325 3763 466 3910 cosm899.
505 3844 622 3906 Nonius
643 3863 672 3924 p.
683 3847 750 3923 269,
763 3847 801 3906 20
822 3843 1011 3920 “Conicere,
1031 3863 1213 3920 consumere,
1227 3844 1318 3906 finire.
1340 3842 1537 3905 ...Lucilius

191 3961 194 3966 ·
322 3945 374 4005 lib.
390 3961 456 4002 xxx
476 3940 603 4016 ‘confecit
620 3940 686 4017 ipse
707 3937 915 4017 comestque'.”
999 3939 1085 4000 Idem
1104 3958 1134 4018 p.
1150 3943 1197 4017 81,
1212 3937 1248 4001 27
1270 3940 1332 4000 “Et
1351 3957 1416 3998 xxx
1436 3937 1537 3999 ‘conti-
1633 4019 1634 4026 ἵ

323 4040 365 4100 cit
383 4039 448 4120 ipse
469 4033 644 4112 eomchdl’

321 4143 523 4156 —u-—-

399 4186 464 4244 891.
505 4182 613 4258 illisque
632 4181 733 4258 tibique
753 4178 867 4240 Iunius.

399 4264 465 4322 893.
486 4258 608 4320 *eona
624 4257 771 4318 commin
793 4258 884 4318 Lucu.
905 4272 934 4333 p.
949 4257 995 4318 29.

318 4355 320 4358 ·
398 4339 465 4400 895.
504 4335 590 4397 Unus
611 4338 779 4415 grabattum
812 4335 842 4393 in
862 4333 938 4393 libro
958 4353 999 4409 vr,
1012 4331 1070 4392 214
1093 4331 1162 4392 Tres
1180 4352 1199 4390 a
1220 4331 1390 4391 Deucalione
1409 4333 1537 4410 prabattr‘

319 4415 428 4477 ratres
449 4419 523 4477 tenti.
