<?xml version="1.0" encoding="UTF-8"?>
<!DOCTYPE html PUBLIC "-//W3C//DTD XHTML 1.0 Transitional//EN"
    "http://www.w3.org/TR/xhtml1/DTD/xhtml1-transitional.dtd">
<html xmlns="http://www.w3.org/1999/xhtml" xml:lang="en" lang="en">
 <head>
  <title>
</title>
<meta http-equiv="Content-Type" content="text/html;charset=utf-8" />
  <meta name='ocr-system' content='tesseract 3.04.00' />
  <meta name='ocr-capabilities' content='ocr_page ocr_carea ocr_par ocr_line ocrx_word'/>
</head>
<body>
  <div class='ocr_page' id='page_1' title='image "./saturarum00lucigoog_0027.png"; bbox 0 0 3300 5166; ppageno 0'>
   <div class='ocr_carea' id='block_1_1' title="bbox 306 375 922 444">
    <p class='ocr_par' dir='ltr' id='par_1_1' title="bbox 306 375 922 444">
     <span class='ocr_line' id='line_1_1' title="bbox 306 375 922 444; baseline -0.002 -19"><span class='ocrx_word' id='word_1_1' title='bbox 306 375 325 444; x_wconf 75' lang='lat' dir='ltr'><strong>g</strong></span> <span class='ocrx_word' id='word_1_2' title='bbox 893 375 922 424; x_wconf 88' lang='grc' dir='ltr'>ιι</span> 
     </span>
    </p>
   </div>
   <div class='ocr_carea' id='block_1_2' title="bbox 342 543 1167 733">
    <p class='ocr_par' dir='ltr' id='par_1_2' title="bbox 342 543 1167 733">
     <span class='ocr_line' id='line_1_2' title="bbox 707 543 1167 628; baseline -0.011 -17"><span class='ocrx_word' id='word_1_3' title='bbox 707 544 807 612; x_wconf 78' lang='lat' dir='ltr'>homo</span> <span class='ocrx_word' id='word_1_4' title='bbox 830 545 997 628; x_wconf 79' lang='lat' dir='ltr'>inpuratus</span> <span class='ocrx_word' id='word_1_5' title='bbox 1020 549 1051 609; x_wconf 91' lang='lat' dir='ltr'>et</span> <span class='ocrx_word' id='word_1_6' title='bbox 1073 543 1167 628; x_wconf 86' lang='lat' dir='ltr'>inpos</span> 
     </span>
     <span class='ocr_line' id='line_1_3' title="bbox 342 647 676 733; baseline 0.003 -19"><span class='ocrx_word' id='word_1_7' title='bbox 342 663 377 724; x_wconf 81' lang='lat' dir='ltr'>ee</span> <span class='ocrx_word' id='word_1_8' title='bbox 417 650 478 716; x_wconf 90' lang='lat' dir='ltr'>iste</span> <span class='ocrx_word' id='word_1_9' title='bbox 500 647 676 733; x_wconf 83' lang='lat' dir='ltr'>rapinator.</span> 
     </span>
    </p>
   </div>
   <div class='ocr_carea' id='block_1_3' title="bbox 416 835 1274 1109">
    <p class='ocr_par' dir='ltr' id='par_1_3' title="bbox 416 835 1274 1109">
     <span class='ocr_line' id='line_1_4' title="bbox 416 835 1098 924; baseline -0.009 -21"><span class='ocrx_word' id='word_1_10' title='bbox 416 844 482 903; x_wconf 88' lang='lat' dir='ltr'>tum</span> <span class='ocrx_word' id='word_1_11' title='bbox 506 836 616 924; x_wconf 86' lang='lat' dir='ltr'>[sacto]</span> <span class='ocrx_word' id='word_1_12' title='bbox 640 837 749 902; x_wconf 84' lang='lat' dir='ltr'>omnia</span> <span class='ocrx_word' id='word_1_13' title='bbox 771 856 842 903; x_wconf 89' lang='lat' dir='ltr'>sum</span> <span class='ocrx_word' id='word_1_14' title='bbox 864 835 981 901; x_wconf 91' lang='lat' dir='ltr'>circum</span> <span class='ocrx_word' id='word_1_15' title='bbox 1004 835 1098 900; x_wconf 86' lang='lat' dir='ltr'>latus.</span> 
     </span>
     <span class='ocr_line' id='line_1_5' title="bbox 416 1021 1274 1109; baseline -0.002 -20"><span class='ocrx_word' id='word_1_16' title='bbox 416 1024 494 1108; x_wconf 89' lang='lat' dir='ltr'>quid</span> <span class='ocrx_word' id='word_1_17' title='bbox 517 1023 623 1089; x_wconf 80' lang='lat' dir='ltr'>dicis?</span> <span class='ocrx_word' id='word_1_18' title='bbox 647 1044 702 1090; x_wconf 88' lang='lat' dir='ltr'>cur</span> <span class='ocrx_word' id='word_1_19' title='bbox 725 1023 915 1089; x_wconf 86' lang='lat' dir='ltr'>estfactum</span> <span class='ocrx_word' id='word_1_20' title='bbox 940 1023 1027 1109; x_wconf 91' lang='lat' dir='ltr'>quod</span> <span class='ocrx_word' id='word_1_21' title='bbox 1050 1021 1149 1089; x_wconf 91' lang='lat' dir='ltr'>coicis</span> <span class='ocrx_word' id='word_1_22' title='bbox 1171 1023 1274 1088; x_wconf 83' lang='lat' dir='ltr'>istuc?</span> 
     </span>
    </p>
   </div>
   <div class='ocr_carea' id='block_1_4' title="bbox 414 1211 1271 1382">
    <p class='ocr_par' dir='ltr' id='par_1_4' title="bbox 414 1211 1271 1382">
     <span class='ocr_line' id='line_1_6' title="bbox 414 1211 1271 1303; baseline -0.002 -25"><span class='ocrx_word' id='word_1_23' title='bbox 414 1215 599 1303; x_wconf 81' lang='lat' dir='ltr'>impuratum</span> <span class='ocrx_word' id='word_1_24' title='bbox 621 1211 704 1278; x_wconf 89' lang='lat' dir='ltr'>hunc</span> <span class='ocrx_word' id='word_1_25' title='bbox 724 1214 759 1278; x_wconf 92' lang='lat' dir='ltr'>iu</span> <span class='ocrx_word' id='word_1_26' title='bbox 783 1211 897 1284; x_wconf 80' lang='lat' dir='ltr'>lauces,</span> <span class='ocrx_word' id='word_1_27' title='bbox 914 1213 1044 1278; x_wconf 81' lang='lat' dir='ltr'>invasse</span> <span class='ocrx_word' id='word_1_28' title='bbox 1066 1211 1271 1295; x_wconf 77' lang='lat' dir='ltr'><strong>animamque</strong></span> 
     </span>
     <span class='ocr_line' id='line_1_7' title="bbox 416 1316 618 1382; baseline -0.015 0"><span class='ocrx_word' id='word_1_29' title='bbox 416 1317 541 1382; x_wconf 77' lang='lat' dir='ltr'>elisisse</span> <span class='ocrx_word' id='word_1_30' title='bbox 561 1316 618 1380; x_wconf 93' lang='lat' dir='ltr'>illi.</span> 
     </span>
    </p>
   </div>
   <div class='ocr_carea' id='block_1_5' title="bbox 344 1503 1082 1588">
    <p class='ocr_par' dir='ltr' id='par_1_5' title="bbox 344 1503 1082 1588">
     <span class='ocr_line' id='line_1_8' title="bbox 344 1503 1082 1588; baseline -0.005 -14"><span class='ocrx_word' id='word_1_31' title='bbox 344 1516 377 1575; x_wconf 80' lang='lat' dir='ltr'>tt</span> <span class='ocrx_word' id='word_1_32' title='bbox 785 1505 942 1588; x_wconf 86' lang='lat' dir='ltr'>lustratu’‚</span> <span class='ocrx_word' id='word_1_33' title='bbox 966 1503 1082 1588; x_wconf 85' lang='lat' dir='ltr'>pietus,</span> 
     </span>
    </p>
   </div>
   <div class='ocr_carea' id='block_1_6' title="bbox 417 1688 1115 1782">
    <p class='ocr_par' dir='ltr' id='par_1_6' title="bbox 417 1688 1115 1782">
     <span class='ocr_line' id='line_1_9' title="bbox 417 1688 1115 1782; baseline 0.003 -26"><span class='ocrx_word' id='word_1_34' title='bbox 417 1689 586 1778; x_wconf 86' lang='lat' dir='ltr'>[hyodyty]</span> <span class='ocrx_word' id='word_1_35' title='bbox 611 1692 716 1757; x_wconf 81' lang='lat' dir='ltr'>aurati</span> <span class='ocrx_word' id='word_1_36' title='bbox 742 1688 975 1782; x_wconf 81' lang='lat' dir='ltr'>[elecctorecie]</span> <span class='ocrx_word' id='word_1_37' title='bbox 1000 1693 1115 1759; x_wconf 85' lang='lat' dir='ltr'>mitrae</span> 
     </span>
    </p>
   </div>
   <div class='ocr_carea' id='block_1_7' title="bbox 416 1878 1319 2066">
    <p class='ocr_par' dir='ltr' id='par_1_7' title="bbox 416 1878 1319 2066">
     <span class='ocr_line' id='line_1_10' title="bbox 418 1878 1319 1964; baseline 0.002 -22"><span class='ocrx_word' id='word_1_38' title='bbox 418 1899 503 1944; x_wconf 88' lang='lat' dir='ltr'>nuuc</span> <span class='ocrx_word' id='word_1_39' title='bbox 524 1883 654 1964; x_wconf 86' lang='lat' dir='ltr'>praetor</span> <span class='ocrx_word' id='word_1_40' title='bbox 677 1885 749 1944; x_wconf 90' lang='lat' dir='ltr'>tuus</span> <span class='ocrx_word' id='word_1_41' title='bbox 773 1885 831 1963; x_wconf 88' lang='lat' dir='ltr'>est,</span> <span class='ocrx_word' id='word_1_42' title='bbox 855 1879 934 1946; x_wconf 88' lang='lat' dir='ltr'>meu’</span> <span class='ocrx_word' id='word_1_43' title='bbox 959 1879 988 1944; x_wconf 88' lang='lat' dir='ltr'>si</span> <span class='ocrx_word' id='word_1_44' title='bbox 1010 1878 1195 1946; x_wconf 76' lang='lat' dir='ltr'>discesserit</span> <span class='ocrx_word' id='word_1_45' title='bbox 1216 1880 1319 1946; x_wconf 88' lang='lat' dir='ltr'>horno</span> 
     </span>
     <span class='ocr_line' id='line_1_11' title="bbox 416 1982 556 2066; baseline 0.007 -19"><span class='ocrx_word' id='word_1_46' title='bbox 416 1982 556 2066; x_wconf 84' lang='lat' dir='ltr'>gentilis.</span> 
     </span>
    </p>
   </div>
   <div class='ocr_carea' id='block_1_8' title="bbox 312 2246 1528 4114">
    <p class='ocr_par' dir='ltr' id='par_1_8' title="bbox 312 2246 1526 2609">
     <span class='ocr_line' id='line_1_12' title="bbox 391 2246 1524 2324; baseline -0.002 -16"><span class='ocrx_word' id='word_1_47' title='bbox 391 2250 436 2308; x_wconf 88' lang='lat'>59.</span> <span class='ocrx_word' id='word_1_48' title='bbox 477 2249 595 2308; x_wconf 90' lang='lat' dir='ltr'>Nouius</span> <span class='ocrx_word' id='word_1_49' title='bbox 621 2267 650 2324; x_wconf 90' lang='lat' dir='ltr'>p.</span> <span class='ocrx_word' id='word_1_50' title='bbox 668 2251 739 2320; x_wconf 77' lang='lat'>129,</span> <span class='ocrx_word' id='word_1_51' title='bbox 759 2251 796 2306; x_wconf 82' lang='lat'>28</span> <span class='ocrx_word' id='word_1_52' title='bbox 828 2247 984 2324; x_wconf 82' lang='lat' dir='ltr'>“lnpuuo,</span> <span class='ocrx_word' id='word_1_53' title='bbox 1015 2247 1095 2324; x_wconf 92' lang='lat' dir='ltr'>quod</span> <span class='ocrx_word' id='word_1_54' title='bbox 1122 2255 1168 2307; x_wconf 90' lang='lat' dir='ltr'>est</span> <span class='ocrx_word' id='word_1_55' title='bbox 1192 2246 1349 2323; x_wconf 90' lang='lat' dir='ltr'>inpudens.</span> <span class='ocrx_word' id='word_1_56' title='bbox 1390 2248 1524 2307; x_wconf 79' lang='lat' dir='ltr'>Lucilius</span> 
     </span>
     <span class='ocr_line' id='line_1_13' title="bbox 313 2340 1525 2421; baseline 0.002 -21"><span class='ocrx_word' id='word_1_57' title='bbox 313 2342 361 2402; x_wconf 88' lang='lat' dir='ltr'>lib.</span> <span class='ocrx_word' id='word_1_58' title='bbox 381 2362 401 2399; x_wconf 93' lang='grc' dir='ltr'>ιι</span> <span class='ocrx_word' id='word_1_59' title='bbox 428 2341 526 2403; x_wconf 85' lang='lat' dir='ltr'>‘bomo</span> <span class='ocrx_word' id='word_1_60' title='bbox 551 2345 706 2421; x_wconf 83' lang='lat' dir='ltr'>inpuratus</span> <span class='ocrx_word' id='word_1_61' title='bbox 733 2350 763 2402; x_wconf 93' lang='lat' dir='ltr'>et</span> <span class='ocrx_word' id='word_1_62' title='bbox 783 2360 897 2399; x_wconf 77' lang='lat' dir='ltr'>mruuo</span> <span class='ocrx_word' id='word_1_63' title='bbox 918 2361 974 2399; x_wconf 80' lang='lat' dir='ltr'>uer</span> <span class='ocrx_word' id='word_1_64' title='bbox 995 2341 1150 2418; x_wconf 78' lang='lat' dir='ltr'>rapietcr’.”</span> <span class='ocrx_word' id='word_1_65' title='bbox 1248 2340 1333 2400; x_wconf 84' lang='lat' dir='ltr'><strong>Idem</strong></span> <span class='ocrx_word' id='word_1_66' title='bbox 1355 2361 1384 2418; x_wconf 91' lang='lat' dir='ltr'>p.</span> <span class='ocrx_word' id='word_1_67' title='bbox 1402 2341 1466 2414; x_wconf 78' lang='grc'>167,</span> <span class='ocrx_word' id='word_1_68' title='bbox 1486 2344 1525 2402; x_wconf 79' lang='lat'>22</span> 
     </span>
     <span class='ocr_line' id='line_1_14' title="bbox 316 2434 1526 2516; baseline 0.001 -22"><span class='ocrx_word' id='word_1_69' title='bbox 316 2435 538 2512; x_wconf 85' lang='lat' dir='ltr'>“Rapiuetores</span> <span class='ocrx_word' id='word_1_70' title='bbox 564 2456 619 2515; x_wconf 93' lang='lat' dir='ltr'>pro</span> <span class='ocrx_word' id='word_1_71' title='bbox 646 2437 892 2516; x_wconf 79' lang='lat' dir='ltr'>raptoribus.</span> <span class='ocrx_word' id='word_1_72' title='bbox 926 2435 1059 2495; x_wconf 85' lang='lat' dir='ltr'>Lucilius</span> <span class='ocrx_word' id='word_1_73' title='bbox 1081 2437 1131 2496; x_wconf 95' lang='lat' dir='ltr'>lib.</span> <span class='ocrx_word' id='word_1_74' title='bbox 1146 2455 1167 2492; x_wconf 96' lang='grc' dir='ltr'>ιι</span> <span class='ocrx_word' id='word_1_75' title='bbox 1193 2434 1290 2495; x_wconf 85' lang='lat' dir='ltr'>‘homo</span> <span class='ocrx_word' id='word_1_76' title='bbox 1315 2439 1468 2514; x_wconf 82' lang='lat' dir='ltr'>impudicus</span> <span class='ocrx_word' id='word_1_77' title='bbox 1497 2442 1526 2495; x_wconf 90' lang='lat' dir='ltr'>et</span> 
     </span>
     <span class='ocr_line' id='line_1_15' title="bbox 312 2533 708 2609; baseline 0.015 -23"><span class='ocrx_word' id='word_1_78' title='bbox 312 2543 423 2588; x_wconf 79' lang='lat' dir='ltr'>rueuuu</span> <span class='ocrx_word' id='word_1_79' title='bbox 444 2551 501 2590; x_wconf 81' lang='lat' dir='ltr'>usu</span> <span class='ocrx_word' id='word_1_80' title='bbox 521 2533 708 2609; x_wconf 75' lang='lat' dir='ltr'>rapinator.”</span> 
     </span>
    </p>

    <p class='ocr_par' dir='ltr' id='par_1_9' title="bbox 313 2619 1524 2986">
     <span class='ocr_line' id='line_1_16' title="bbox 389 2619 1524 2702; baseline -0.001 -18"><span class='ocrx_word' id='word_1_81' title='bbox 389 2629 435 2685; x_wconf 87' lang='lat'>61.</span> <span class='ocrx_word' id='word_1_82' title='bbox 476 2627 591 2684; x_wconf 88' lang='lat' dir='ltr'>Nouius</span> <span class='ocrx_word' id='word_1_83' title='bbox 613 2643 641 2702; x_wconf 89' lang='lat' dir='ltr'>p.</span> <span class='ocrx_word' id='word_1_84' title='bbox 655 2629 721 2699; x_wconf 78' lang='grc'>261,</span> <span class='ocrx_word' id='word_1_85' title='bbox 737 2629 774 2685; x_wconf 83' lang='grc'>26</span> <span class='ocrx_word' id='word_1_86' title='bbox 795 2619 1011 2684; x_wconf 75' lang='lat' dir='ltr'>“circumferre</span> <span class='ocrx_word' id='word_1_87' title='bbox 1032 2631 1078 2683; x_wconf 89' lang='lat' dir='ltr'>est</span> <span class='ocrx_word' id='word_1_88' title='bbox 1091 2626 1211 2701; x_wconf 88' lang='lat' dir='ltr'>proprie</span> <span class='ocrx_word' id='word_1_89' title='bbox 1224 2626 1360 2685; x_wconf 83' lang='lat' dir='ltr'>lustrare.</span> <span class='ocrx_word' id='word_1_90' title='bbox 1391 2625 1524 2683; x_wconf 91' lang='lat' dir='ltr'>Lucilius</span> 
     </span>
     <span class='ocr_line' id='line_1_17' title="bbox 313 2719 1524 2796; baseline 0 -18"><span class='ocrx_word' id='word_1_91' title='bbox 313 2727 478 2795; x_wconf 76' lang='lat' dir='ltr'>satyrarum</span> <span class='ocrx_word' id='word_1_92' title='bbox 503 2721 555 2779; x_wconf 91' lang='lat' dir='ltr'>lib.</span> <span class='ocrx_word' id='word_1_93' title='bbox 574 2739 594 2775; x_wconf 95' lang='grc' dir='ltr'>ιι</span> <span class='ocrx_word' id='word_1_94' title='bbox 621 2720 691 2778; x_wconf 86' lang='lat' dir='ltr'>‘tum</span> <span class='ocrx_word' id='word_1_95' title='bbox 781 2739 859 2776; x_wconf 73' lang='lat' dir='ltr'>sumu</span> <span class='ocrx_word' id='word_1_96' title='bbox 884 2719 1091 2778; x_wconf 86' lang='lat' dir='ltr'>circumlatus&#39;.</span> <span class='ocrx_word' id='word_1_97' title='bbox 1132 2720 1256 2778; x_wconf 75' lang='lat' dir='ltr'>Plautus</span> <span class='ocrx_word' id='word_1_98' title='bbox 1285 2720 1313 2778; x_wconf 90' lang='lat' dir='ltr'>iu</span> <span class='ocrx_word' id='word_1_99' title='bbox 1339 2721 1524 2796; x_wconf 83' lang='lat' dir='ltr'>Amfitryoue</span> 
     </span>
     <span class='ocr_line' id='line_1_18' title="bbox 313 2813 1524 2891; baseline 0 -18"><span class='ocrx_word' id='word_1_100' title='bbox 313 2814 390 2873; x_wconf 90' lang='lat' dir='ltr'>‘iube</span> <span class='ocrx_word' id='word_1_101' title='bbox 424 2816 511 2874; x_wconf 82' lang='lat' dir='ltr'>istam</span> <span class='ocrx_word' id='word_1_102' title='bbox 542 2834 597 2891; x_wconf 91' lang='lat' dir='ltr'>pro</span> <span class='ocrx_word' id='word_1_103' title='bbox 627 2815 736 2873; x_wconf 81' lang='lat' dir='ltr'>cerrito</span> <span class='ocrx_word' id='word_1_104' title='bbox 765 2813 960 2873; x_wconf 78' lang='lat' dir='ltr'>circumferri.</span> <span class='ocrx_word' id='word_1_105' title='bbox 1008 2814 1093 2890; x_wconf 81' lang='lat' dir='ltr'>Virg.</span> <span class='ocrx_word' id='word_1_106' title='bbox 1114 2814 1164 2871; x_wconf 91' lang='lat' dir='ltr'>lib.</span> <span class='ocrx_word' id='word_1_107' title='bbox 1182 2832 1211 2869; x_wconf 92' lang='lat' dir='ltr'>v1</span> <span class='ocrx_word' id='word_1_108' title='bbox 1243 2813 1330 2872; x_wconf 88' lang='lat' dir='ltr'>‘idem</span> <span class='ocrx_word' id='word_1_109' title='bbox 1356 2822 1401 2875; x_wconf 89' lang='lat' dir='ltr'>ter</span> <span class='ocrx_word' id='word_1_110' title='bbox 1427 2815 1524 2874; x_wconf 92' lang='lat' dir='ltr'>socios</span> 
     </span>
     <span class='ocr_line' id='line_1_19' title="bbox 313 2907 722 2986; baseline -0.002 -20"><span class='ocrx_word' id='word_1_111' title='bbox 313 2926 388 2986; x_wconf 81' lang='lat' dir='ltr'>pure</span> <span class='ocrx_word' id='word_1_112' title='bbox 409 2909 587 2967; x_wconf 72' lang='lat' dir='ltr'>circumtulit</span> <span class='ocrx_word' id='word_1_113' title='bbox 607 2907 722 2966; x_wconf 81' lang='lat' dir='ltr'>unde&#39;.&#39;’</span> 
     </span>
    </p>

    <p class='ocr_par' dir='ltr' id='par_1_10' title="bbox 312 3001 1525 3172">
     <span class='ocr_line' id='line_1_20' title="bbox 391 3001 1525 3079; baseline 0.001 -19"><span class='ocrx_word' id='word_1_114' title='bbox 391 3005 437 3060; x_wconf 82' lang='lat'>62.</span> <span class='ocrx_word' id='word_1_115' title='bbox 479 3001 595 3062; x_wconf 90' lang='lat' dir='ltr'>Nouius</span> <span class='ocrx_word' id='word_1_116' title='bbox 617 3020 644 3077; x_wconf 90' lang='lat' dir='ltr'>p.</span> <span class='ocrx_word' id='word_1_117' title='bbox 660 3002 727 3076; x_wconf 80' lang='lat'><strong>268,</strong></span> <span class='ocrx_word' id='word_1_118' title='bbox 748 3005 765 3062; x_wconf 78' lang='lat'><strong>5</strong></span> <span class='ocrx_word' id='word_1_119' title='bbox 787 3001 951 3076; x_wconf 83' lang='lat' dir='ltr'>“Ooicere,</span> <span class='ocrx_word' id='word_1_120' title='bbox 971 3002 1077 3076; x_wconf 78' lang='lat' dir='ltr'>furori,</span> <span class='ocrx_word' id='word_1_121' title='bbox 1099 3002 1223 3061; x_wconf 82' lang='lat' dir='ltr'>auferre.</span> <span class='ocrx_word' id='word_1_122' title='bbox 1245 3003 1284 3079; x_wconf 82' lang='lat' dir='ltr'>(l)</span> <span class='ocrx_word' id='word_1_123' title='bbox 1392 3003 1525 3064; x_wconf 89' lang='lat' dir='ltr'>Lucilius</span> 
     </span>
     <span class='ocr_line' id='line_1_21' title="bbox 312 3096 699 3172; baseline -0.003 -17"><span class='ocrx_word' id='word_1_124' title='bbox 312 3097 362 3156; x_wconf 88' lang='lat' dir='ltr'>lib.</span> <span class='ocrx_word' id='word_1_125' title='bbox 379 3116 399 3152; x_wconf 95' lang='lat'>11</span> <span class='ocrx_word' id='word_1_126' title='bbox 421 3096 501 3172; x_wconf 81' lang='lat' dir='ltr'>‘quid</span> <span class='ocrx_word' id='word_1_127' title='bbox 589 3096 699 3155; x_wconf 85' lang='lat' dir='ltr'>istuc’.&#39;’</span> 
     </span>
    </p>

    <p class='ocr_par' dir='ltr' id='par_1_11' title="bbox 313 3187 1524 3366">
     <span class='ocr_line' id='line_1_22' title="bbox 390 3187 1455 3267; baseline 0.002 -19"><span class='ocrx_word' id='word_1_128' title='bbox 390 3192 435 3248; x_wconf 89' lang='grc'>63.</span> <span class='ocrx_word' id='word_1_129' title='bbox 477 3188 592 3249; x_wconf 90' lang='lat' dir='ltr'>Nouius</span> <span class='ocrx_word' id='word_1_130' title='bbox 621 3205 649 3266; x_wconf 88' lang='lat' dir='ltr'>p.</span> <span class='ocrx_word' id='word_1_131' title='bbox 665 3192 735 3264; x_wconf 80' lang='lat'><strong>291,</strong></span> <span class='ocrx_word' id='word_1_132' title='bbox 757 3193 794 3249; x_wconf 88' lang='lat'>30</span> <span class='ocrx_word' id='word_1_133' title='bbox 824 3189 964 3250; x_wconf 85' lang='lat' dir='ltr'>“Elidere</span> <span class='ocrx_word' id='word_1_134' title='bbox 995 3191 1083 3250; x_wconf 82' lang='lat' dir='ltr'>etium</span> <span class='ocrx_word' id='word_1_135' title='bbox 1112 3192 1269 3250; x_wconf 87' lang='lat' dir='ltr'>excludere</span> <span class='ocrx_word' id='word_1_136' title='bbox 1299 3187 1455 3267; x_wconf 84' lang='lat' dir='ltr'>siguificat.</span> 
     </span>
     <span class='ocr_line' id='line_1_23' title="bbox 313 3283 1119 3366; baseline 0 -25"><span class='ocrx_word' id='word_1_137' title='bbox 313 3283 447 3342; x_wconf 86' lang='lat' dir='ltr'>Lucilius</span> <span class='ocrx_word' id='word_1_138' title='bbox 470 3287 634 3359; x_wconf 73' lang='lat' dir='ltr'>satyrorum</span> <span class='ocrx_word' id='word_1_139' title='bbox 654 3285 704 3343; x_wconf 89' lang='lat' dir='ltr'>lib.</span> <span class='ocrx_word' id='word_1_140' title='bbox 720 3305 741 3340; x_wconf 95' lang='grc' dir='ltr'>ιι</span> <span class='ocrx_word' id='word_1_141' title='bbox 758 3283 955 3366; x_wconf 61' lang='lat' dir='ltr'>frmuumuum</span> <span class='ocrx_word' id='word_1_142' title='bbox 1044 3285 1119 3344; x_wconf 90' lang='lat' dir='ltr'>illi&#39;.”</span> 
     </span>
    </p>

    <p class='ocr_par' dir='ltr' id='par_1_12' title="bbox 312 3378 1526 3548">
     <span class='ocr_line' id='line_1_24' title="bbox 390 3378 1526 3456; baseline 0.001 -20"><span class='ocrx_word' id='word_1_143' title='bbox 390 3380 437 3437; x_wconf 83' lang='lat'>65.</span> <span class='ocrx_word' id='word_1_144' title='bbox 476 3378 594 3436; x_wconf 92' lang='lat' dir='ltr'>Nonius</span> <span class='ocrx_word' id='word_1_145' title='bbox 615 3381 720 3454; x_wconf 85' lang='lat' dir='ltr'>p.335‚</span> <span class='ocrx_word' id='word_1_146' title='bbox 737 3381 773 3437; x_wconf 90' lang='grc'>14</span> <span class='ocrx_word' id='word_1_147' title='bbox 794 3378 968 3452; x_wconf 85' lang='lat' dir='ltr'>“Lustrare,</span> <span class='ocrx_word' id='word_1_148' title='bbox 990 3381 1119 3456; x_wconf 86' lang='lat' dir='ltr'>expiare.</span> <span class='ocrx_word' id='word_1_149' title='bbox 1208 3379 1341 3440; x_wconf 90' lang='lat' dir='ltr'>Lucilius</span> <span class='ocrx_word' id='word_1_150' title='bbox 1363 3384 1526 3456; x_wconf 80' lang='lat' dir='ltr'>satyrarum</span> 
     </span>
     <span class='ocr_line' id='line_1_25' title="bbox 312 3472 727 3548; baseline 0 -18"><span class='ocrx_word' id='word_1_151' title='bbox 312 3473 362 3532; x_wconf 89' lang='lat' dir='ltr'>lib.</span> <span class='ocrx_word' id='word_1_152' title='bbox 377 3491 399 3530; x_wconf 95' lang='grc' dir='ltr'>ιι</span> <span class='ocrx_word' id='word_1_153' title='bbox 421 3472 572 3530; x_wconf 83' lang='lat' dir='ltr'>‘lustratus</span> <span class='ocrx_word' id='word_1_154' title='bbox 593 3473 727 3548; x_wconf 84' lang='lat' dir='ltr'>pietus’.”</span> 
     </span>
    </p>

    <p class='ocr_par' dir='ltr' id='par_1_13' title="bbox 313 3566 1528 3815">
     <span class='ocr_line' id='line_1_26' title="bbox 391 3566 1458 3645; baseline 0.001 -20"><span class='ocrx_word' id='word_1_155' title='bbox 391 3570 435 3627; x_wconf 95' lang='grc'>66.</span> <span class='ocrx_word' id='word_1_156' title='bbox 476 3566 591 3625; x_wconf 87' lang='lat' dir='ltr'>Nonius</span> <span class='ocrx_word' id='word_1_157' title='bbox 613 3585 641 3641; x_wconf 89' lang='lat' dir='ltr'>p.</span> <span class='ocrx_word' id='word_1_158' title='bbox 657 3569 723 3638; x_wconf 79' lang='lat'>539,</span> <span class='ocrx_word' id='word_1_159' title='bbox 743 3570 778 3626; x_wconf 76' lang='lat'>21</span> <span class='ocrx_word' id='word_1_160' title='bbox 802 3566 896 3624; x_wconf 75' lang='lat' dir='ltr'>“Rieu</span> <span class='ocrx_word' id='word_1_161' title='bbox 914 3573 961 3626; x_wconf 89' lang='lat' dir='ltr'>est</span> <span class='ocrx_word' id='word_1_162' title='bbox 981 3566 1060 3645; x_wconf 90' lang='lat' dir='ltr'>quod</span> <span class='ocrx_word' id='word_1_163' title='bbox 1081 3586 1134 3625; x_wconf 89' lang='lat' dir='ltr'>nos</span> <span class='ocrx_word' id='word_1_164' title='bbox 1156 3567 1304 3640; x_wconf 77' lang='lat' dir='ltr'>sudarium</span> <span class='ocrx_word' id='word_1_165' title='bbox 1326 3567 1458 3626; x_wconf 81' lang='lat' dir='ltr'>dicimus.</span> 
     </span>
     <span class='ocr_line' id='line_1_27' title="bbox 313 3660 1528 3740; baseline -0.002 -18"><span class='ocrx_word' id='word_1_166' title='bbox 313 3662 446 3721; x_wconf 89' lang='lat' dir='ltr'>Lucilius</span> <span class='ocrx_word' id='word_1_167' title='bbox 465 3668 628 3736; x_wconf 81' lang='lat' dir='ltr'>satyrarum</span> <span class='ocrx_word' id='word_1_168' title='bbox 642 3660 692 3719; x_wconf 93' lang='lat' dir='ltr'>lib.</span> <span class='ocrx_word' id='word_1_169' title='bbox 707 3681 727 3717; x_wconf 96' lang='grc' dir='ltr'>ιι</span> <span class='ocrx_word' id='word_1_170' title='bbox 749 3660 906 3717; x_wconf 79' lang='lat' dir='ltr'>‘urourru</span> <span class='ocrx_word' id='word_1_171' title='bbox 927 3662 1054 3740; x_wconf 78' lang='lat' dir='ltr'>(trodptp</span> <span class='ocrx_word' id='word_1_172' title='bbox 1073 3662 1244 3739; x_wconf 88' lang='lat' dir='ltr'>Leideusis)</span> <span class='ocrx_word' id='word_1_173' title='bbox 1266 3664 1361 3722; x_wconf 83' lang='lat' dir='ltr'>aurati</span> <span class='ocrx_word' id='word_1_174' title='bbox 1382 3679 1528 3720; x_wconf 79' lang='lat' dir='ltr'>cmuuro-</span> 
     </span>
     <span class='ocr_line' id='line_1_28' title="bbox 314 3756 561 3815; baseline 0 -2"><span class='ocrx_word' id='word_1_175' title='bbox 314 3774 404 3814; x_wconf 70' lang='lat' dir='ltr'>uucm</span> <span class='ocrx_word' id='word_1_176' title='bbox 426 3756 561 3815; x_wconf 82' lang='lat' dir='ltr'>mitroe’.’&#39;</span> 
     </span>
    </p>

    <p class='ocr_par' dir='ltr' id='par_1_14' title="bbox 314 3847 1526 4114">
     <span class='ocr_line' id='line_1_29' title="bbox 391 3847 1526 3926; baseline -0.002 -16"><span class='ocrx_word' id='word_1_177' title='bbox 391 3849 437 3910; x_wconf 81' lang='lat' dir='ltr'>dl.</span> <span class='ocrx_word' id='word_1_178' title='bbox 478 3851 615 3910; x_wconf 76' lang='lat' dir='ltr'>Donatus</span> <span class='ocrx_word' id='word_1_179' title='bbox 644 3849 681 3907; x_wconf 87' lang='lat' dir='ltr'>ed</span> <span class='ocrx_word' id='word_1_180' title='bbox 708 3847 840 3908; x_wconf 84' lang='lat' dir='ltr'>Terentii</span> <span class='ocrx_word' id='word_1_181' title='bbox 866 3848 1012 3908; x_wconf 82' lang='lat' dir='ltr'>Andrium</span> <span class='ocrx_word' id='word_1_182' title='bbox 1031 3871 1059 3924; x_wconf 91' lang='lat' dir='ltr'>v,</span> <span class='ocrx_word' id='word_1_183' title='bbox 1080 3854 1098 3909; x_wconf 89' lang='lat'><strong>6</strong></span> <span class='ocrx_word' id='word_1_184' title='bbox 1122 3869 1151 3926; x_wconf 90' lang='lat' dir='ltr'>p.</span> <span class='ocrx_word' id='word_1_185' title='bbox 1167 3852 1204 3909; x_wconf 86' lang='grc'>94</span> <span class='ocrx_word' id='word_1_186' title='bbox 1236 3848 1340 3908; x_wconf 89' lang='lat' dir='ltr'>“Tuus</span> <span class='ocrx_word' id='word_1_187' title='bbox 1373 3856 1420 3908; x_wconf 87' lang='lat' dir='ltr'>est</span> <span class='ocrx_word' id='word_1_188' title='bbox 1450 3868 1526 3908; x_wconf 90' lang='lat' dir='ltr'>nunc</span> 
     </span>
     <span class='ocr_line' id='line_1_30' title="bbox 315 3942 1458 4020; baseline 0 -16"><span class='ocrx_word' id='word_1_189' title='bbox 315 3945 468 4005; x_wconf 87' lang='lat' dir='ltr'>Chremes.</span> <span class='ocrx_word' id='word_1_190' title='bbox 503 3944 635 4002; x_wconf 90' lang='lat' dir='ltr'>Lucilius</span> <span class='ocrx_word' id='word_1_191' title='bbox 656 3945 684 4001; x_wconf 90' lang='lat' dir='ltr'>in</span> <span class='ocrx_word' id='word_1_192' title='bbox 706 3942 837 4001; x_wconf 90' lang='lat' dir='ltr'>secundo</span> <span class='ocrx_word' id='word_1_193' title='bbox 859 3943 900 4018; x_wconf 80' lang='lat' dir='ltr'>(iu</span> <span class='ocrx_word' id='word_1_194' title='bbox 919 3947 1030 4018; x_wconf 79' lang='lat' dir='ltr'>septimo</span> <span class='ocrx_word' id='word_1_195' title='bbox 1051 3945 1107 4004; x_wconf 85' lang='lat' dir='ltr'>Me.</span> <span class='ocrx_word' id='word_1_196' title='bbox 1123 3942 1351 4020; x_wconf 89' lang='lat' dir='ltr'>Lindeubrcgii)</span> <span class='ocrx_word' id='word_1_197' title='bbox 1372 3943 1458 4004; x_wconf 85' lang='lat' dir='ltr'>‘uuuc</span> 
     </span>
     <span class='ocr_line' id='line_1_31' title="bbox 314 4036 1063 4114; baseline -0.005 -16"><span class='ocrx_word' id='word_1_198' title='bbox 314 4040 408 4098; x_wconf 90' lang='lat' dir='ltr'>homo</span> <span class='ocrx_word' id='word_1_199' title='bbox 428 4038 547 4114; x_wconf 86' lang='lat' dir='ltr'>gentilis</span> <span class='ocrx_word' id='word_1_200' title='bbox 569 4038 648 4114; x_wconf 89' lang='lat' dir='ltr'>(olim</span> <span class='ocrx_word' id='word_1_201' title='bbox 669 4037 805 4114; x_wconf 87' lang='lat' dir='ltr'>impressi</span> <span class='ocrx_word' id='word_1_202' title='bbox 824 4037 904 4095; x_wconf 82' lang='lat' dir='ltr'>domo</span> <span class='ocrx_word' id='word_1_203' title='bbox 921 4036 1063 4114; x_wconf 67' lang='lat' dir='ltr'>penultl’l’</span> 
     </span>
    </p>
   </div>
   <div class='ocr_carea' id='block_1_9' title="bbox 392 4216 1425 4539">
    <p class='ocr_par' dir='ltr' id='par_1_15' title="bbox 392 4216 1425 4371">
     <span class='ocr_line' id='line_1_32' title="bbox 393 4216 1425 4294; baseline -0.002 -14"><span class='ocrx_word' id='word_1_204' title='bbox 393 4223 438 4280; x_wconf 85' lang='lat'>59.</span> <span class='ocrx_word' id='word_1_205' title='bbox 479 4217 595 4278; x_wconf 91' lang='lat' dir='ltr'>Nouius</span> <span class='ocrx_word' id='word_1_206' title='bbox 618 4217 734 4276; x_wconf 87' lang='lat' dir='ltr'>videtur</span> <span class='ocrx_word' id='word_1_207' title='bbox 754 4216 913 4292; x_wconf 87' lang='lat' dir='ltr'>scripsisse</span> <span class='ocrx_word' id='word_1_208' title='bbox 934 4217 1050 4292; x_wconf 77' lang='lat' dir='ltr'>Inpone,</span> <span class='ocrx_word' id='word_1_209' title='bbox 1070 4219 1120 4276; x_wconf 81' lang='lat' dir='ltr'>dcc</span> <span class='ocrx_word' id='word_1_210' title='bbox 1141 4219 1217 4294; x_wconf 84' lang='lat' dir='ltr'>quod</span> <span class='ocrx_word' id='word_1_211' title='bbox 1236 4227 1275 4274; x_wconf 84' lang='lat' dir='ltr'>cet</span> <span class='ocrx_word' id='word_1_212' title='bbox 1294 4221 1425 4294; x_wconf 76' lang='lat' dir='ltr'>inpotem.</span> 
     </span>
     <span class='ocr_line' id='line_1_33' title="bbox 392 4296 1006 4371; baseline -0.005 -16"><span class='ocrx_word' id='word_1_213' title='bbox 392 4301 437 4356; x_wconf 85' lang='lat'>61.</span> <span class='ocrx_word' id='word_1_214' title='bbox 482 4297 624 4355; x_wconf 81' lang='lat' dir='ltr'>Fortasse</span> <span class='ocrx_word' id='word_1_215' title='bbox 649 4296 718 4354; x_wconf 82' lang='lat' dir='ltr'>Tum</span> <span class='ocrx_word' id='word_1_216' title='bbox 730 4299 806 4371; x_wconf 82' lang='lat' dir='ltr'>sona</span> <span class='ocrx_word' id='word_1_217' title='bbox 828 4297 920 4353; x_wconf 67' lang='lat' dir='ltr'>omitia</span> <span class='ocrx_word' id='word_1_218' title='bbox 939 4313 1006 4352; x_wconf 79' lang='lat' dir='ltr'>eum.</span> 
     </span>
    </p>

    <p class='ocr_par' dir='ltr' id='par_1_16' title="bbox 392 4375 832 4450">
     <span class='ocr_line' id='line_1_34' title="bbox 392 4375 832 4450; baseline -0.005 -17"><span class='ocrx_word' id='word_1_219' title='bbox 392 4375 438 4433; x_wconf 88' lang='grc'>63.</span> <span class='ocrx_word' id='word_1_220' title='bbox 478 4376 655 4450; x_wconf 75' lang='lat' dir='ltr'>Imperatore</span> <span class='ocrx_word' id='word_1_221' title='bbox 674 4375 832 4433; x_wconf 81' lang='lat' dir='ltr'>Merccrus</span> 
     </span>
    </p>

    <p class='ocr_par' dir='ltr' id='par_1_17' title="bbox 393 4445 1278 4539">
     <span class='ocr_line' id='line_1_35' title="bbox 393 4445 1278 4539; baseline -0.009 -25"><span class='ocrx_word' id='word_1_222' title='bbox 393 4454 444 4539; x_wconf 77' lang='grc' dir='ltr'>66.Ι</span> <span class='ocrx_word' id='word_1_223' title='bbox 480 4450 633 4512; x_wconf 82' lang='lat' dir='ltr'>Bdckhius</span> <span class='ocrx_word' id='word_1_224' title='bbox 654 4445 816 4519; x_wconf 80' lang='grc' dir='ltr'><strong><em>ὓσκλωτοί,</em></strong></span> <span class='ocrx_word' id='word_1_225' title='bbox 839 4448 890 4527; x_wconf 91' lang='lat' dir='ltr'>qui</span> <span class='ocrx_word' id='word_1_226' title='bbox 912 4455 980 4509; x_wconf 90' lang='lat' dir='ltr'>suut</span> <span class='ocrx_word' id='word_1_227' title='bbox 1000 4447 1093 4508; x_wconf 84' lang='lat' dir='ltr'>calcei</span> <span class='ocrx_word' id='word_1_228' title='bbox 1113 4448 1278 4522; x_wconf 81' lang='lat' dir='ltr'>obstrigilli.</span> 
     </span>
    </p>
   </div>
   <div class='ocr_carea' id='block_1_10' title="bbox 0 0 1656 5166">
    <p class='ocr_par' dir='ltr' id='par_1_18' title="bbox 0 0 1656 5166">
     <span class='ocr_line' id='line_1_36' title="bbox 0 0 1656 5166; baseline 0 0"><span class='ocrx_word' id='word_1_229' title='bbox 0 0 1656 5166; x_wconf 95' lang='lat' dir='ltr'> </span> 
     </span>
    </p>
   </div>
  </div>
 </body>
</html>
