3302 5174
280 345 320 406 14
766 358 857 407 corpus
877 371 909 380 -

313 531 389 581 pore
407 517 471 565 duro
490 531 544 566 esse
570 517 627 566 147.
655 515 763 564 distento
789 531 860 564 cor-

315 619 390 668 pore
409 605 468 654 539.
488 611 605 653 constare
617 603 747 653 homiuem
759 618 792 652 ex
804 603 859 652 aui-

314 707 356 740 ma
387 697 411 740 et
442 705 574 756 corpore
604 691 664 742 579.
699 688 786 740 animo
816 689 859 752 qui

315 784 438 842 aegrotat,
457 777 571 827 ridemus
590 791 721 841 corpore
739 776 807 825 hunc
825 776 859 824 si-

315 879 393 928 gnum
412 864 472 914 dare
490 865 550 914 581.
576 864 661 916 auimo
681 871 706 914 et
724 877 859 927 corpore

316 951 375 1001 095.
396 949 429 1000 ef.
451 952 525 1001 1028.

279 1047 460 1105 corrumpat
473 1053 589 1104 prorsum
603 1039 663 1087 785.
677 1037 861 1088 Aristocratsm

388 1125 604 1178 conmanducatae
631 1125 774 1189 corrupit
801 1127 860 1174 419.

313 1221 498 1279 corruptum
516 1211 602 1261 scabie
622 1211 717 1261 88111.
746 1225 789 1260 ore
808 1225 861 1260 co·

315 1310 407 1367 rapto
429 1299 523 1350 llslb.

281 1389 441 1455 Hyacinthe,
469 1385 734 1451 cortiuipotentis
763 1383 861 1435 deliciis

316 1479 376 1528 245,

280 1571 417 1629 corupto
436 1581 459 1614 v.
478 1575 645 1625 eorrumpere.

280 1653 394 1703 mantica
413 1649 525 1700 cantheri
545 1655 650 1698 costas
732 1645 861 1709 premebat

318 1739 394 1788 1023.
414 1737 529 1787 contritis
548 1735 637 1784 arbore
656 1733 754 1781 costis
773 1732 833 1781 296,

280 1826 376 1875 Cotta
394 1839 472 1875 senex
490 1825 550 1874 347,

279 1925 325 1963 rex
343 1911 442 1962 Cotus
460 1911 504 1960 ille
522 1911 582 1958 450.

279 1988 860 2048 ι1555555551155ι55555555151555858*Η.

281 2084 380 2134 crassi
399 2091 470 2149 pater
492 2081 563 2131 huiu'
587 2079 699 2144 †paneci
728 2080 787 2128 347.
816 2093 861 2127 55-

315 2173 404 2223 tricem
484 2183 620 2220 crassam
640 2169 682 2218 53.

280 2259 411 2310 Crassus
435 2257 501 2321 (M.,·
520 2271 594 2320 quem
613 2255 690 2306 semel
709 2254 746 2304 ait
764 2254 791 2302 in
809 2253 862 2302 vita

315 2346 399 2396 risisse
430 2343 555 2406 Lucilius)
592 2360 618 2407 p.
646 2343 702 2392 138.
737 2341 860 2392 iudicium

315 2432 422 2482 Crassi
455 2431 514 2480 335.
547 2429 630 2492 inquit
662 2428 779 2479 Crasso
804 2429 861 2476 Mu-

316 2520 366 2568 ciir’
387 2521 446 2567 218.
475 2516 619 2566 Crassum
639 2516 722 2565 habeo
741 2530 862 2579 generum

315 2607 365 2655 995
376 2604 409 2653 H.
657 2671 659 2674 Ι

280 2692 412 2742 crebrae
492 2689 619 2740 scintillae
639 2692 680 2740 80.

280 2778 343 2826 illud
372 2777 464 2827 eredo
493 2776 548 2828 fore
579 2779 635 2828 141.
666 2778 716 2826 555
745 2784 772 2825 tu
805 2783 863 2840 apte

315 2863 421 2913 eredis
449 2859 527 2912 216*.
556 2870 583 2913 ι5
607 2864 735 2914 Lucilium
758 2863 863 2913 credis

315 2957 492 2999 contentarum
505 2950 564 3000 636.
579 2953 623 3013 qul
636 2949 722 3000 credi
732 2950 787 2998 mu’
804 2950 862 2998 183.

316 3035 386 3099 pueri
469 3037 603 3086 credunt
620 3037 694 3101 signa
779 3035 863 3084 rivere

316 3123 376 3170 412.
396 3122 531 3170 credunt
549 3121 628 3184 signis
647 3137 691 3170 cor
704 3121 785 3170 inesse
804 3123 862 3168 414.

316 3191 444 3258 credam
464 3207 484 3255 si
504 3214 528 3256 te
548 3207 682 3256 offenderit
695 3209 753 3256 752.
773 3208 864 3256 crede

319 3293 382 3342 mihi
405 3294 480 3342 1036.
500 3292 589 3342 vellem
608 3300 632 3342 te
651 3291 677 3340 id
697 3294 764 3356 quod
779 3308 864 3343 verum

315 3387 352 3430 est
371 3381 505 3431 credere
524 3381 582 3430 850.

280 3465 384 3516 tristitia
403 3467 430 3515 in
448 3481 546 3516 summa
565 3473 589 3516 et
607 3482 739 3530 crepera
757 3481 784 3516 re
805 3469 861 3518 161,

280 3553 439 3616 cribrum,
458 3552 642 3602 incemieulum
661 3555 720 3603 547,

279 3640 430 3689 crisicum
450 3641 526 3690 805²,

279 3726 472 3789 crisabitque
492 3721 569 3776 279*‚

279 3813 447 3863 cruciatur
466 3811 533 3862 lame
552 3812 611 3861 560.

280 3899 426 3949 crucium
448 3899 522 3947 1183.

280 4001 351 4035 crus
369 3985 453 4048 lapide
473 3985 532 4034 752.
551 3983 693 4032 cruribu’
713 3997 805 4033 crura
824 3986 861 4033 di·

317 4073 448 4121 allaxante
463 4072 520 4120 198.
539 4069 606 4118 varia
620 4068 768 4118 cruribus
782 4068 860 4120 520*.

280 4160 379 4224 gustavi
399 4157 538 4228 crustula
556 4155 624 4204 solus
645 4156 720 4204 1070.

279 4247 394 4311 Iuppiter
477 4242 646 4308 quadraginta
668 4241 777 4292 cubita
800 4245 861 4294 altu'

316 4334 375 4384 455.

928 359 993 396 cum.

912 516 940 562 in
959 515 1050 578 capulo
1130 516 1249 566 cubare
1268 517 1311 566 43.
1332 531 1392 565 cum
1412 517 1444 565 ad
1460 532 1507 565 me

948 601 1089 652 cubitum
1109 611 1210 652 venerat
1229 605 1288 652 816.

913 688 989 737 cuia
1007 703 1084 752 opera
1104 691 1164 739 869.

912 775 1089 825 culcitulae
1108 813 1114 825 .
1128 813 1151 825 ..
1170 777 1256 841 privae
1269 757 1420 827 centonibn’
1433 777 1506 826 binis

949 863 1008 912 868.

914 949 1026 1000 eulina
1046 950 1105 1010 283,

913 1036 1011 1100 culpa
1030 1044 1074 1087 tua
1093 1039 1152 1086 798.

913 1139 988 1174 nemo
1008 1125 1051 1187 qui
1072 1123 1186 1186 culpat
1205 1123 1354 1185 Homerum,
1376 1132 1503 1188 perpetuo

949 1211 1064 1274 culpat
1151 1225 1249 1260 versum
1274 1224 1353 1257 unum
1381 1211 1504 1274 culpat

950 1299 1009 1348 305.
1028 1299 1088 1347 306.
1108 1300 1167 1347 307.
1196 1299 1264 1360 quod
1296 1293 1321 1346 ιιι
1351 1297 1371 1344 si
1402 1298 1502 1360 landes,

949 1384 1076 1448 culpes,
1094 1400 1144 1434 uon
1164 1384 1266 1448 proficis
1283 1383 1365 1432 hilum
1386 1387 1446 1434 875.

915 1486 983 1520 curn
1002 1472 1090 1536 primis
1109 1474 1133 1521 4,
1153 1488 1217 1522 cum
1236 1478 1331 1537 septem
1351 1472 1498 1536 ...pinnis

952 1561 1009 1608 105.
1029 1574 1095 1608 cum
1110 1560 1188 1626 balga
1202 1568 1276 1611 cenat
1289 1561 1348 1608 205.
1366 1573 1434 1608 curn
1448 1574 1501 1621 quo

948 1645 1055 1694 cenabat
1069 1647 1127 1695 218.
1148 1644 1299 1710 (componit)
1313 1661 1381 1694 cum
1394 1653 1501 1709 pectore

920 1775 922 1780 .
948 1739 1034 1794 peetus
1054 1735 1114 1783 270.
1133 1749 1200 1784 eum
1219 1732 1274 1782 istis
1293 1733 1353 1780 428.
1374 1748 1445 1781 cnm
1459 1748 1501 1782 ce-

948 1820 1008 1868 teris
1021 1836 1078 1872 rens
1091 1836 1141 1870 una
1154 1822 1267 1871 tradetur
1286 1820 1346 1870 692.
1366 1834 1437 1868 cum
1458 1854 1501 1871 ...

949 1906 1116 1959 Luciliotoa.
1126 1922 1194 1968 oum
1203 1905 1361 1970 benignitate
1372 1907 1431 1954 815.
1443 1905 1500 1968 ipso

949 2009 1013 2042 cum
1037 1995 1141 2043 domino
1228 2007 1315 2042 omnes
1338 1992 1501 2042 excutiamus

948 2082 1007 2130 929.
1027 2096 1096 2130 cnm
1114 2080 1258 2144 aequalibu’
1272 2081 1332 2129 982.
1351 2079 1500 2142 acipensere

948 2183 1015 2216 curn
1035 2169 1175 2218 decumano
1196 2167 1307 2217 1004Η.
1326 2181 1396 2216 cum
1415 2167 1498 2216 mani-

949 2254 985 2304 cis
1001 2256 1187 2318 ..deportent
1209 2256 1283 2304 1052.
1302 2253 1425 2302 lactentia
1444 2253 1499 2303 Coa

949 2342 1091 2390 clamcum
1101 2340 1375 2391 mellebibi1181¹.-
1385 2355 1498 2389 mecum

953 2428 1388 2478 ild.mutuummeoum639.eum
1399 2436 1497 2477 tecum

949 2523 987 2566 est
1004 2517 1064 2566 440.
1083 2530 1184 2566 secum
1204 2514 1281 2564 habat
1300 2515 1360 2563 204.
1390 2529 1498 2568 secum

950 2603 993 2651 ’...
1007 2617 1058 2651 555
1071 2601 1144 2652 affert
1158 2602 1218 2674 277.
1237 2601 1280 2650 515
1294 2638 1300 2650 .
1312 2638 1318 2650 .
1331 2600 1498 2650 ,55515555

951 2696 1030 2740 meret
1047 2689 1107 2739 382.

916 2791 986 2825 curn
1005 2776 1161 2826 ...5155555
1182 2776 1239 2824 107.
1258 2783 1327 2824 cum
1346 2775 1417 2824 volat
1435 2776 1498 2824 olim

953 2865 1010 2913 130.
1020 2877 1088 2912 curn
1098 2860 1254 2911 Pacideiano
1265 2861 1427 2923 componitur
1440 2864 1497 2912 138.

951 2965 1016 3000 eum
1034 2949 1083 2999 hoc
1101 2963 1153 2998 non
1173 2954 1209 2998 est
1230 2947 1287 2995 183.
1315 2961 1383 2996 curn
1408 2947 1436 2996 id
1461 2949 1497 2996 mi

951 3035 1019 3084 visus
1038 3035 1122 3086 facere
1141 3041 1178 3084 est
1198 3034 1255 3083 194.
1279 3048 1346 3082 eum
1427 3034 1498 3096 bibo,

1016 3128 1070 3171 tum
1090 3119 1223 3184 componit
1241 3120 1300 3168 268.
1328 3135 1394 3168 cum
1412 3123 1497 3185 paolo·

953 3223 1077 3272 copumae
1096 3209 1155 3257 269.
1184 3220 1249 3255 cunr
1273 3213 1358 3256 tecum
1376 3215 1414 3257 est
1438 3211 1497 3259 446.

951 3310 1040 3359 pacem
1059 3309 1127 3346 cum
1145 3299 1212 3358 peto,
1237 3307 1304 3342 eum
1322 3294 1406 3358 placo,
1432 3312 1497 3345 cum

954 3382 1018 3432 adeo
1031 3389 1134 3433 etcum
1149 3378 1250 3445 appello
1262 3394 1345 3430 meam
1358 3383 1417 3434 643.
1432 3398 1497 3433 cunr

1025 3468 1119 3518 adeunt
1146 3469 1208 3516 844.
1236 3467 1331 3530 gaudes
1359 3484 1427 3518 cum

915 3601 919 3608 ,
951 3554 1040 3604 differs
1054 3556 1113 3606 913.
1126 3569 1193 3604 cum
1206 3554 1238 3602 ad
1251 3553 1496 3608 5555555199011.

951 3656 1018 3690 cum
1038 3641 1125 3692 omnia
1143 3641 1169 3689 in
1187 3640 1238 3690 ista
1256 3642 1383 3691 consumis
1398 3643 1497 3710 ,squilla

954 3730 1019 3777 1003
1030 3727 1063 3777 H.
1086 3743 1153 3778 eum
1176 3727 1215 3777 illi
1234 3727 1291 3794 fora
1309 3728 1402 3778 mirant
1423 3731 1497 3780 1125.

949 3814 1018 3862 velut
1036 3813 1097 3863 olim
1116 3829 1209 3879 auceps
1228 3814 1271 3864 ille
1290 3814 1354 3865 facit
1372 3831 1438 3865 cum
1451 3816 1497 3864 im·

948 3899 1050 3963 proviso
1071 3901 1147 3949 1167.
1172 3916 1239 3950 cnm
1256 3903 1380 3951 marculu’
1404 3903 1497 3952 ferrum

952 3985 1091 4035 ...tundit
1107 3987 1205 4035 1181111.
1226 4015 1254 4024 -
1274 4002 1339 4037 cum
1353 3989 1460 4054 aspicies
1473 3997 1511 4040 te.

950 4067 1027 4120 95st
1043 4099 1071 4108 -
1094 4071 1264 4137 disrumpetur
1343 4090 1419 4126 venas
1431 4090 1496 4125 cnm

950 4159 1091 4208 extenderit
1120 4160 1179 4208 153.
1207 4160 1284 4210 addes
1307 4177 1333 4223 e,
1361 4177 1428 4211 cum

950 4244 1052 4294 iusseris
1075 4246 1135 4294 320.
1164 4245 1213 4295 555
1238 4262 1305 4295 cum
1333 4247 1432 4308 leceris,

950 4332 1063 4381 tradetur
1082 4333 1141 4381 091.
1164 4359 1192 4366 -
1213 4346 1280 4381 cum
1295 4335 1359 4384 redit
1373 4335 1413 4384 85.
1432 4332 1496 4382 sicut
