3300 5166
325 1756 930 1912 Pssessleuuc.„l1mmrs
954 1713 1219 1920 uerutum

251 2171 410 2281 Carolum
432 2212 672 2278 Lachmannum
694 2217 802 2276 notum
825 2218 875 2276 est
897 2213 1048 2278 extremis
1070 2213 1157 2279 vitae
1180 2214 1284 2296 annis,
1309 2221 1377 2278 lum

163 2389 236 2435 oum
263 2373 349 2433 totus
371 2372 441 2431 erat
468 2366 503 2429 in
533 2364 729 2431 restituendo
752 2367 915 2450 Lucretio,
944 2367 1040 2431 simul
1062 2366 1176 2431 Lucilii
1198 2371 1377 2431 saturarum

162 2541 276 2588 versus
306 2519 494 2604 superstites
523 2518 692 2584 emendate
721 2519 857 2602 scriptos
880 2519 977 2584 edere
1000 2520 1221 2586 constituisse:
1256 2518 1378 2602 quain

162 2695 199 2740 re
222 2679 373 2758 quantum
396 2674 456 2739 hoc
479 2672 558 2738 felix
580 2691 714 2737 acumen
736 2669 940 2756 profecisset,
968 2692 1039 2738 oum
1062 2671 1289 2757 speciminibus
1311 2670 1377 2754 qui-

162 2827 300 2893 busdam
325 2847 384 2912 per
411 2825 648 2911 prooemiorum
681 2825 939 2890 academicorum
966 2826 1166 2892 occasionem
1195 2823 1289 2890 editis
1310 2829 1377 2887 tum
1431 2823 1435 2833 '

162 2981 267 3064 magis
290 2981 362 3065 ipso
384 2981 440 3044 illo
469 2978 697 3045 commentario
720 2979 754 3042 in
777 2977 960 3043 Lucretium
983 2979 1158 3062 composito
1180 2976 1377 3063 patefactum

163 3137 242 3198 erat.
297 3133 411 3216 ltaque
449 3151 520 3196 cum
559 3151 645 3197 anno
678 3153 816 3195 uncoom
854 3132 1026 3195 immatura
1064 3149 1150 3195 mors
1190 3131 1294 3196 virum
1331 3129 1376 3193 in-

163 3286 415 3370 comparabilem
438 3284 489 3351 his
512 3287 627 3352 studiis
651 3305 689 3350 ac
711 3284 824 3351 litteris
847 3284 964 3350 nostris
987 3283 1160 3368 eripuisset
1178 3302 1254 3348 mox
1269 3301 1378 3347 rumor

163 3439 359 3523 percrebuit,
388 3439 628 3505 Lucilianarum
656 3439 861 3522 reliquiarum
884 3434 1048 3524 συλλογὴν
1070 3456 1174 3520 paene
1196 3436 1377 3502 absolutam

162 3591 197 3654 in
219 3591 346 3656 scriniis
370 3593 437 3658 eius
460 3591 623 3656 inventam
646 3609 781 3673 eamque
804 3611 825 3656 a
847 3577 1001 3657 Mauricio
1022 3591 1173 3675 Hauptio,
1197 3609 1260 3673 quo
1283 3607 1376 3654 nemo

162 3745 296 3830 propius
329 3745 371 3810 ad
397 3744 598 3812 Lachmanni
631 3744 796 3827 ingenium
830 3765 869 3810 ac
901 3744 1154 3810 familiaritatem
1187 3748 1376 3827 accesserat,

163 3899 352 3983 propediem
386 3897 507 3962 editum
539 3898 593 3961 iri:
640 3896 735 3980 eique
768 3899 887 3963 rumori
916 3896 1074 3963 Martinus
1100 3896 1256 3978 Hortalus
1281 3896 1377 3962 fidem

164 4050 335 4116 addiderat
370 4053 404 4117 in
440 4053 507 4122 vita
547 4050 746 4116 Lachmanni
778 4072 810 4135 p.
835 4052 894 4116 149
917 4071 943 4116 s.
966 4057 998 4117 et
1024 4071 1115 4112 xxvu
1136 4071 1167 4113 n.
1223 4049 1288 4115 Sed
1325 4069 1377 4114 ex-

164 4203 337 4288 pectationi
368 4203 532 4269 doctorum
560 4203 657 4269 valde
687 4207 827 4287 erectae,
861 4203 981 4288 quippe
1008 4202 1123 4286 quibus
1150 4201 1231 4266 nihil
1253 4202 1377 4284 gratius

164 4355 367 4440 acceptiusve
384 4354 531 4421 accidere
546 4356 705 4442 potuisset
720 4375 817 4440 quam
832 4355 893 4422 hoo
909 4361 1049 4422 extremo
1066 4353 1264 4421 Lachmanni
1280 4371 1377 4437 opere
