3300 5166
690 362 740 412 XV

213 535 326 600 iactari
349 541 445 619 caput
467 540 562 616 atque
586 551 703 615 comas,
729 529 853 596 fluitare
877 547 1035 616 capronas
1077 585 1080 592 .

214 637 297 703 altas
320 635 478 700 frontibus
500 633 670 717 immissas,
695 639 819 700 ulmos
842 633 903 698 fuit
925 633 1000 699 illis.

215 799 247 857 te
269 792 407 877 primum
431 808 502 855 cum
525 790 595 856 istis
618 789 764 855 insanum
791 788 953 858 hominem
976 796 1008 856 et
1029 793 1232 859 cerebrosum

217 947 342 1014 trulleu'
367 965 425 1031 pro
448 945 585 1012 stomide
607 944 680 1011 huio
702 946 817 1028 ingens
840 944 881 1010 de
902 910 1027 1012 naribu’
1050 949 1179 1037 pendet.

126 1113 180 1171 4311
568 1109 624 1168 aut
646 1102 700 1186 qui
723 1121 868 1167 nummos
891 1103 993 1169 tristis
1015 1103 1155 1172 inuncat.

217 1267 347 1348 praeter
370 1279 468 1343 quam
490 1259 523 1322 in
546 1257 649 1342 pretio
671 1256 793 1340 primus
815 1258 957 1343 semisse,
980 1261 1140 1328 secundus

220 1381 358 1445 nummo,
381 1359 486 1427 tertiu’
509 1361 572 1425 ianr
595 1360 696 1444 pluris
719 1380 817 1444 quam
839 1363 915 1427 totu’
938 1362 1127 1430 medimnus.

778 1517 854 1582 dum
876 1517 969 1584 miles
990 1519 1112 1586 Hibera

219 1627 336 1690 terrast
358 1627 454 1704 atque
476 1625 577 1685 meret
597 1626 646 1684 ter
667 1639 725 1685 sex
747 1620 854 1686 aetati’
880 1622 973 1704 quasi
996 1642 1107 1708 annos,

128 1787 179 1846 435
219 1799 258 1844 aa
281 1777 322 1842 de
344 1777 405 1842 isto
428 1795 520 1842 sacer
541 1774 597 1841 ille
618 1775 799 1859 tocoglyfos
822 1794 861 1841 ac
881 1775 1074 1859 Syrofoenix

219 1881 297 1966 quid
319 1879 426 1944 facere
449 1885 498 1945 est
518 1876 656 1995 solitus?

115 2002 326 2020 —

112 2055 295 2130 ‘Campanus
317 2053 436 2129 sonipes
458 2068 616 2110 succussor
636 2049 733 2108 nullus
754 2051 929 2126 sequetur’.”

190 2150 257 2206 426.
298 2147 414 2206 Nonius
436 2165 465 2223 p.
479 2147 557 2218 225
578 2143 758 2219 “Capronae
785 2145 922 2204 dicuntur
942 2165 1043 2206 cernae
1064 2166 1140 2225 qaae
1161 2155 1229 2208 ante
1244 2149 1322 2209 fron·

114 2247 174 2304 tem
200 2248 282 2314 sunt;
309 2242 396 2317 quasi
421 2258 440 2300 a
464 2238 561 2316 eapite
584 2255 715 2314 pronae.
749 2237 883 2298 Lucilius
910 2246 1072 2315 satyrarum
1097 2242 1146 2302 lib.
1161 2262 1202 2300 xv
1222 2245 1264 2318 (li.
1285 2256 1325 2296 rrr

114 2339 182 2396 olim
198 2336 334 2412 impressi
349 2341 379 2394 et
392 2334 507 2409 Iunius)
529 2332 652 2389 ‘acram
669 2349 827 2391 ...comas
845 2334 944 2406 (eomes
957 2333 1219 2412 Guelferbytanus)
1239 2355 1325 2394 rnul-

114 2451 196 2488 rsnu
212 2429 415 2489 ...immissas
438 2429 493 2505 (sie
514 2427 583 2485 olim
603 2427 754 2502 impressi:
782 2431 915 2484 immissas
936 2424 1202 2506 Guelferbytanus,
1229 2436 1325 2489 missas

116 2523 288 2598 Leidensis)
303 2567 308 2580 .
321 2522 451 2582 ..illis’.”
550 2519 665 2578 Paulus
691 2520 767 2579 libro
788 2539 821 2576 ιιι
847 2538 884 2579 ex
910 2523 1002 2581 Festo
1022 2541 1050 2599 p.
1065 2525 1100 2582 31
1128 2522 1323 2601 “Capronae,

115 2636 258 2696 equorum
279 2617 367 2676 iubae
387 2617 416 2674 in
438 2616 564 2674 frontem
586 2614 730 2689 devexae,
752 2614 848 2675 dictae
869 2617 954 2692 quasi
976 2634 994 2674 a
1014 2618 1110 2693 eapite
1132 2619 1268 2694 pronae.''

190 2713 269 2770 4280
298 2710 413 2768 Nonius
428 2729 456 2786 p.
468 2710 516 2780 22,
530 2711 547 2766 9
562 2706 749 2766 “Cerebrcsi
766 2708 902 2768 dicuntur
916 2711 955 2768 ad
969 2711 1114 2770 insaniam
1130 2713 1245 2784 faciles,
1265 2713 1331 2789 qui·

113 2797 167 2866 bus
186 2805 339 2864 cerebrum
354 2809 519 2862 moveatur.
553 2800 687 2859 Lucilius
704 2809 869 2878 satyrarum
884 2805 935 2863 lib.
947 2823 988 2861 xv
1004 2802 1042 2863 ‘te
1055 2807 1326 2867 ...cerebrosum’.”

191 2902 259 2958 429.
300 2898 416 2957 Nonius
437 2915 466 2974 p.
477 2899 528 2968 22,
546 2894 581 2954 21
607 2893 780 2955 “Postumis
798 2895 904 2956 dieitur
918 2899 1025 2956 sermm
1040 2898 1120 2974 quod
1135 2900 1173 2958 ad
1188 2900 1326 2960 cohiben-

115 2997 183 3054 dam
198 3010 341 3070 equorum
356 2991 503 3051 tenaciam
518 2991 638 3049 naribus
660 2989 706 3048 vel
726 2991 836 3049 morsui
855 2991 1024 3069 imponitur,
1045 2993 1173 3066 Graece,
1196 2987 1328 3056 ἀπὸτοῦ

113 3083 280 3163 στόματος,
312 3082 445 3144 Lucilius
469 3089 632 3160 satyrarum
650 3084 701 3143 lib.
717 3103 757 3141 xv
777 3083 888 3142 'baleus
908 3104 1087 3145 cosrommn
1103 3134 1109 3147 .
1123 3133 1147 3146 ..
1164 3087 1308 3164 pendet'.”

188 3183 257 3240 430,
298 3178 415 3239 Nonius
432 3197 462 3255 p.
478 3179 541 3252 124,
558 3181 593 3237 16
608 3178 786 3252 “Inuneure,
802 3180 887 3255 quasi
900 3199 975 3241 unco
990 3183 1130 3243 invaders
1145 3189 1175 3241 et
1188 3180 1328 3256 arripere.

114 3276 251 3335 Lucilius
273 3275 322 3332 lib.
338 3292 378 3329 xv
399 3271 460 3331 ‘out
475 3318 481 3330 .
494 3318 500 3331 .
513 3318 519 3331 .
533 3273 686 3333 inuncat’.”
1383 3273 1386 3280 '

190 3372 258 3429 431.
299 3367 413 3426 Nonius
427 3386 457 3443 p.
469 3368 536 3438 213,
555 3368 590 3426 18
605 3366 803 3426 “Medimnum
821 3369 939 3443 generis
954 3369 1069 3430 neutri.
1099 3367 1252 3428 masculini
1268 3367 1327 3424 Lu-

114 3465 200 3524 cilius
224 3469 389 3537 satyrarum
409 3460 460 3519 lib.
481 3479 520 3517 xv
542 3459 673 3536 'praeter
688 3505 693 3518 .
707 3505 713 3518 .
727 3506 733 3519 .
745 3478 902 3517 samrnrssn
923 3462 1043 3537 (caninis
1063 3462 1327 3538 Guelferbytanus:

113 3561 220 3616 sensisse
240 3552 389 3631 impressi)
405 3599 411 3613 .
425 3598 430 3612 .
444 3599 450 3612 .
462 3571 577 3611 neurus
598 3551 700 3627 (pluris
719 3553 869 3630 impressi)
883 3555 1124 3615 ...medimnus'.'’

192 3651 260 3709 433.
300 3647 414 3706 Nonius
435 3665 464 3722 p.
481 3647 548 3720 344,
561 3646 599 3705 28
620 3644 743 3720 “Meret,
758 3647 872 3706 militat.
900 3647 1032 3708 Lucilius
1047 3655 1210 3726 satyrarum
1225 3650 1275 3707 lib.
1287 3666 1328 3707 xv

116 3744 197 3802 ‘dum
212 3788 219 3802 .
232 3790 239 3804 .
253 3789 259 3801 .
272 3741 394 3798 sannas
414 3758 453 3798 no
474 3746 567 3798 meret
588 3747 633 3798 ter
654 3756 727 3798 saex
746 3759 867 3797 aurare
888 3740 975 3816 quasi
995 3742 1123 3801 annos'.”

192 3839 260 3896 435.
301 3833 417 3894 Nonius
437 3853 466 3910 p.
483 3832 549 3906 391,
566 3834 603 3892 26
625 3831 770 3892 ‘'Socrum
796 3833 885 3892 etiam
911 3835 1069 3895 scelestum
1093 3842 1123 3895 et
1142 3834 1327 3894 detestabile.

184 3929 320 3990 Lucilius
345 3937 510 4004 satyrarum
534 3926 585 3985 lib.
598 3944 639 3984 xv
664 3925 709 3986 ‘ac
733 3926 770 3985 de
793 3945 880 3985 rsros
905 3945 990 3986 sacer
1012 3946 1128 3985 runoro
1150 3946 1267 3986 coaros
1287 3945 1329 3984 ax

118 4026 261 4085 sircfenix
276 4068 321 4082 ...
336 4021 476 4080 solitus’.”

116 4129 320 4140 ——-——-

195 4170 263 4227 426.
303 4167 409 4242 Aptari
423 4166 491 4225 olim
507 4166 654 4243 impressi.
685 4165 797 4224 ‘iactari
811 4167 847 4241 ej.
862 4165 896 4226 P.
910 4167 931 4227 J
934 4168 990 4225 un.’
1013 4168 1055 4226 sie
1073 4168 1271 4228 Basileeuses.

119 4246 221 4305 Malim
243 4249 347 4320 capita.
420 4245 535 4319 fluitare
555 4244 666 4302 Iunius.

194 4323 261 4379 429,
306 4322 431 4378 Trulleus
447 4341 502 4395 pro
523 4323 637 4380 stomide
657 4318 830 4380 Salmasius.

196 4399 264 4456 435.
305 4397 442 4457 Correxit
463 4398 599 4456 Rctbius.

174 4527 198 4562 0·
214 4525 322 4562 lucian
344 4525 532 4563 strennuum.
