3298 5170
623 303 760 354 1—-xxv.
786 303 866 356 XXX

154 477 214 537 lert
243 471 278 536 id
301 491 353 537 me
374 469 458 538 scire
479 471 555 538 vele
578 471 653 556 diei,
676 470 754 536 mihi
777 471 925 538 conscius
945 478 980 538 ut
1002 471 1072 557 sim,

241 594 283 638 ne
306 571 458 640 damnum
481 573 609 660 faciam,
632 574 716 641 seire
738 573 799 640 hec
821 573 848 641 si
871 573 998 642 nescias
1020 580 1052 642 et
1073 595 1125 642 mc

243 675 279 741 id
300 676 364 743 nisi
385 677 468 745 seire
491 678 574 744 alies
596 677 724 744 scierim
746 677 839 744 seire.

242 871 329 932 terra
351 865 418 933 abit
440 865 475 933 in
496 865 621 934 nimbos
644 865 852 950 imbremque.

243 1053 296 1122 vis
319 1060 368 1123 est
389 1055 466 1140 uita,
489 1054 592 1142 uides,
615 1056 665 1124 vis
687 1076 747 1124 nos
770 1055 877 1123 facere
900 1055 1011 1122 omnia
1033 1055 1129 1140 cogit.

150 1249 217 1311 1⁰1⁰
525 1265 605 1330 erge
627 1250 812 1332 praetorum
835 1250 884 1313 est
905 1249 982 1311 ante
1001 1244 1140 1331 praeire.

803 1432 983 1519 quadranti
1007 1433 1112 1501 ratiti'

242 1623 322 1706 quid
343 1625 402 1691 tibi
424 1646 485 1709 ego
510 1627 665 1710 ambages
689 1623 983 1691 Ambivi'scribere
1005 1622 1127 1689 coner?
1207 1663 1210 1668 <
1289 1707 1293 1718 ¹

134 1851 200 1892 cum
220 1835 362 1912 periodos
384 1837 527 1897 erationis
548 1855 586 1896 ex
608 1835 762 1896 contrariis
788 1835 942 1895 sententiis
967 1833 1149 1911 astringitur.
1186 1834 1266 1911 apud
1286 1834 1346 1894 Lu·

134 1929 233 1988 cilium
254 1928 290 1988 ‘si
311 1949 356 1990 me
374 1977 381 1992 .
396 1978 402 1991 .
418 1978 425 1992 .
441 1931 522 2009 qued
543 1949 686 2009 quaerere
706 1949 780 1990 nrco
800 1930 1025 2010 ...quicquam
1045 1947 1106 1989 eun
1128 1946 1232 1990 eursu
1254 1929 1346 1991 debes

132 2024 198 2102 ipse
219 2029 250 2083 et
271 2025 298 2083 si
318 2027 378 2086 scis
398 2045 427 2103 q.
445 2027 472 2088 b.
488 2045 512 2087 e.
529 2027 603 2088 scire
623 2027 682 2087 hoc
702 2026 730 2087 d.
745 2025 803 2086 t-.’.”
950 2081 952 2086 .

207 2118 297 2179 1015.
339 2118 469 2180 Glossue
484 2121 583 2180 Persii
604 2121 643 2180 ad
657 2141 676 2196 1,
690 2122 737 2195 27,
757 2137 852 2197 usque
874 2120 990 2182 adeone
1009 2119 1092 2181 Scire
1109 2127 1191 2182 tuum
1204 2118 1276 2178 nihil
1290 2124 1347 2196 est,

133 2213 190 2272 nisi
213 2219 244 2274 te
268 2213 344 2274 scire
369 2212 425 2272 boe
448 2214 525 2275 seint
550 2213 645 2274 alteri
682 2213 792 2274 “Heee
812 2214 954 2292 periodus
977 2215 1059 2292 apud
1082 2214 1227 2274 Lucilium
1248 2215 1349 2292 posita

132 2314 180 2366 est
201 2305 252 2364 ‘ur
271 2325 319 2366 me
333 2353 340 2367 .
354 2354 360 2368 .
372 2353 379 2368 .
391 2326 518 2366 nrcnrus
538 2326 612 2366 mrnr
633 2307 771 2368 conscius
791 2326 867 2384 surr,
893 2327 929 2368 ne
946 2309 1081 2370 ...scire
1102 2309 1159 2369 hoc
1180 2327 1215 2366 sn
1236 2325 1347 2366 nescir

131 2419 193 2458 nrsr
213 2401 289 2462 alios
311 2421 343 2459 rn
359 2420 451 2482 ¹sciren
473 2402 631 2463 scrnnrn'.”

213 2495 297 2556 1018.
337 2497 437 2557 Verre
458 2497 495 2556 de
514 2497 619 2573 lingue
637 2497 749 2558 Latina
762 2517 781 2556 v
801 2515 831 2574 p.
844 2498 922 2571 12,2
942 2496 1003 2573 “(p.
1011 2498 1039 2572 9,
1052 2495 1103 2574 38)
1124 2495 1228 2571 Terre,
1247 2502 1281 2556 ut
1294 2515 1347 2574 pn·

133 2597 200 2651 tant
220 2591 325 2650 eadem
346 2596 376 2651 et
394 2590 518 2652 humus..
530 2637 537 2651 .
549 2636 555 2652 .
569 2637 576 2653 .
590 2592 695 2652 humor
715 2592 791 2652 bine.
815 2590 919 2668 itaque
935 2590 1005 2652 ideo
1021 2590 1153 2651 Lucilius
1174 2590 1264 2651 ‘terra
1281 2593 1352 2652 abiit

134 2687 411 2764 ...imbremqne’.''
489 2689 597 2765 (cxxv.
623 2705 696 2747 xxx.
720 2686 813 2748 etsie
836 2686 993 2762 deinceps)

213 2778 297 2841 1019.
337 2781 434 2840 Varro
456 2781 493 2842 de
512 2783 615 2859 lingua
633 2781 778 2842 Latinasr
798 2782 934 2857 p.18,19
956 2779 1091 2840 “Poetae
1112 2780 1149 2840 de
1170 2780 1254 2840 caelo
1268 2780 1349 2857 qued

132 2891 234 2934 semen
255 2875 373 2950 igneum
394 2877 539 2938 cecidisse
561 2878 664 2937 dicunt
683 2876 712 2934 in
733 2891 813 2934 mare
840 2892 876 2934 ec
903 2881 1002 2936 netem
1023 2892 1039 2934 e
1060 2875 1171 2951 spumis
1193 2876 1349 2951 Venerem,

133 2970 343 3030 coniunctione
367 2971 445 3047 ignis
469 2978 499 3031 et
523 2970 653 3030 humeris
678 2987 767 3046 quem
790 2967 902 3029 hebent
927 2971 1067 3045 (tabeat),
1095 2969 1153 3028 vim
1178 2967 1350 3044 significent

131 3081 199 3124 esse
221 3065 299 3125 ueris
323 3067 474 3140 (Veneris).
504 3084 524 3124 e
540 3085 600 3143 qua
620 3064 648 3124 ui
669 3064 747 3124 natis
768 3063 850 3125 dieta
869 3064 940 3141 vita,
960 3069 990 3126 et
1009 3064 1083 3124 illud
1103 3081 1122 3124 a
1144 3062 1271 3138 Lucilio,
1293 3062 1347 3122 ‘vis

133 3165 180 3218 est
196 3205 202 3218 .
216 3206 223 3219 .
237 3205 243 3217 .
255 3159 374 3235 cegit’.''

213 3255 297 3315 1080.
339 3253 438 3312 Varro
467 3251 504 3311 de
530 3252 635 3329 lingua
659 3251 804 3312 Latinas
824 3271 853 3330 p.
868 3256 916 3329 22,
933 3256 969 3313 13
995 3252 1151 3313 “Praeter
1176 3251 1274 3312 dictus
1300 3253 1350 3330 qui

132 3347 267 3426 praeiret
285 3348 348 3408 iure
369 3353 401 3408 et
420 3346 561 3408 exercitu.
597 3364 694 3425 aque
715 3347 746 3406 id
769 3350 833 3421 (cit)
855 3347 990 3408 Lucilius
1011 3347 1093 3424 ‘crgo
1114 3353 1284 3426 praetorum
1304 3352 1351 3407 est

131 3451 203 3505 ante
224 3464 264 3502 nr
282 3442 412 3522 preirc’.''

211 3541 295 3600 1081.
335 3538 435 3597 Varro
456 3536 493 3596 de
513 3534 617 3612 lingua
634 3535 747 3595 Latine
760 3555 780 3594 v
800 3553 829 3612 p.
837 3537 874 3595 50
896 3532 1111 3596 “Velabrnma
1127 3536 1272 3596 vehendo.
1298 3552 1346 3595 ve·

131 3633 261 3695 laturam
287 3632 386 3693 lacere
411 3631 501 3692 ctiam
526 3649 602 3690 nunc
630 3631 768 3690 dicuntur
793 3629 844 3707 qui
868 3627 898 3686 id
919 3629 1055 3690 mercede
1081 3629 1202 3690 faciunt.
1237 3646 1350 3689 merces

133 3727 255 3806 [dicitur
277 3745 295 3787 a
315 3725 455 3786 merendo
475 3730 505 3785 et
525 3725 603 3802 aere]
626 3724 694 3784 huic
715 3730 865 3800 vecturae,
887 3723 937 3801 qui
952 3723 1066 3784 ratibus
1079 3724 1265 3799 transibant,
1279 3741 1350 3801 qus·

133 3824 234 3882 draus.
261 3823 300 3881 ab
313 3839 350 3881 eo
363 3819 496 3880 Lucilius
518 3821 639 3898 scripsit
659 3817 846 3896 ‘quadrantis
867 3816 983 3880 ratiti’.”
1062 3819 1165 3879 eenler
1179 3820 1300 3881 Festum
1321 3823 1351 3878 et

103 3973 108 3980 .
131 3918 259 3978 Paulum
279 3917 310 3976 in
331 3915 466 3977 Ratitum
488 3914 695 3993 quadrantem.

212 4013 297 4071 1082.
336 4010 436 4070 Varro
457 4009 493 4070 de
513 4011 616 4087 lingue
634 4008 745 4068 Latina
764 4007 842 4067 libro
854 4025 897 4064 vn
917 4024 947 4083 p.
962 4004 1041 4081 ll,6
1069 4005 1183 4084 “Apud
1203 4003 1350 4064 Lucilium

134 4105 216 4183 ‘qnid
230 4153 236 4165 .
250 4153 256 4164 .
269 4150 276 4162 .
288 4121 384 4162 susm
405 4104 555 4182 (impressi
576 4102 698 4180 Arabici)
713 4149 719 4164 .
732 4147 739 4163 .
751 4146 758 4162 .
770 4100 878 4162 eener’.
908 4100 1075 4179 profectum
1096 4119 1115 4163 a
1134 4101 1230 4162 verbo
1252 4100 1349 4177 ambe,

133 4200 216 4279 qued
237 4200 317 4259 inest
335 4200 365 4259 in
386 4199 500 4259 ambitu
520 4204 551 4259 et
571 4189 756 4261 ambitidsc.’'

135 4314 337 4326 ‘—

212 4372 296 4436 1080.
336 4381 363 4431 ct
381 4367 450 4430 olim
473 4369 611 4432 deletum.
