3300 5166
322 331 366 398 30

345 506 398 568 am
636 499 712 566 intu'
736 498 864 566 modost
884 503 989 566 rectus
1012 498 1193 565 subtemiui'
1216 516 1330 583 panus.

429 708 540 755 verum
563 693 595 755 et
616 694 817 756 mercaturae
840 707 951 754 omnes
974 693 1006 754 et
1028 686 1219 770 quaesticuli
1241 687 1295 752 isti

362 801 365 807 '
429 792 523 858 intuti

428 981 596 1067 pistrinum
620 977 814 1066 adpositum,
838 979 1005 1064 posticum,
1030 979 1121 1064 cella,
1146 980 1263 1045 culina.

428 1171 620 1254 gallinaceu'
645 1189 716 1236 cum
739 1169 842 1234 victor
863 1188 900 1234 sc
922 1167 1029 1251 gallus
1052 1167 1185 1234 honeste

342 1282 393 1344 aot
430 1275 546 1357 intulit,
569 1273 598 1339 is
621 1272 742 1354 digitos
764 1271 983 1356 primoresque
1006 1269 1102 1352 erigit
1123 1272 1250 1356 unguis.

578 1459 665 1544 quod
687 1460 812 1543 gracila
834 1465 866 1524 et
886 1459 1012 1546 pernix,
1036 1460 1123 1542 quod
1144 1466 1274 1545 pectore
1296 1480 1388 1546 puro,
1495 1442 1499 1451 ⁸

428 1563 515 1648 quod
537 1583 639 1649 puero
662 1561 786 1648 similis,

429 1771 500 1817 cum
524 1751 617 1836 poclo
639 1749 714 1815 bibo
738 1748 861 1836 eodem,
886 1750 1072 1836 amplector,
1095 1752 1189 1817 labra
1210 1749 1340 1818 labellis

428 1854 503 1920 ficta
525 1854 593 1919 eius
616 1872 783 1938 compono,
808 1851 868 1918 boc
891 1859 940 1919 est
963 1873 1032 1919 cum
1056 1855 1315 1939 psolocopumae‚
1400 1929 1405 1938 ,

399 2088 466 2146 266.
506 2084 678 2144 Priscianus
700 2103 728 2161 p.
744 2087 801 2145 618
823 2086 1006 2148 “Praeterea
1026 2105 1139 2164 panus,
1160 2087 1308 2164 panicula.
1350 2084 1484 2144 Lucilius
1505 2084 1535 2142 iu

321 2201 373 2241 vru
395 2179 549 2256 (Kreblins
569 2195 606 2238 ex
627 2179 803 2255 quibusdam
819 2181 1040 2259 exemplaribus
1060 2182 1104 2256 ιι)
1125 2179 1213 2240 ‘intus
1234 2180 1322 2239 modo
1340 2199 1418 2238 arar
1435 2186 1534 2240 rectus
1635 2223 1636 2264 3

322 2275 494 2336 subteminis
523 2274 655 2350 panus'.''
762 2274 878 2336 Nonius
904 2295 932 2354 p.
956 2278 1028 2349 149,
1049 2277 1088 2334 24
1115 2273 1258 2348 “Pauns‚
1284 2282 1397 2336 tramae
1422 2273 1535 2332 involu-
1635 2291 1636 2304 *

322 2387 418 2444 crum,
448 2387 536 2445 quam
569 2366 738 2427 diminutive
766 2371 923 2445 pannulum
949 2389 1095 2431 vocamus.
1138 2368 1271 2434 Lucilius
1298 2369 1349 2429 lib.
1370 2365 1536 2440 V1111‘jom's
1635 2399 1636 2406 .

323 2476 500 2538 subteminis
522 2474 692 2552 (Leidensis
705 2476 892 2553 substantians)
913 2493 1010 2554 panus
1031 2456 1146 2555 (peanis
1175 2476 1441 2554 Guelferbytanus)
1462 2475 1535 2533 ect'.”

409 2570 564 2630 Charisius
590 2588 619 2645 p.
639 2571 676 2630 81
697 2569 904 2632 “Pandioniae
923 2565 1126 2648 nparrdrrnor
1146 2591 1242 2651 panus
1264 2576 1319 2631 est.
1352 2569 1487 2628 Lucilius
1509 2570 1538 2627 in

324 2685 377 2724 vru
400 2663 549 2741 (impressi
572 2663 684 2741 porto)
706 2664 866 2724 ‘subtracto
885 2667 1018 2742 panus'.''

403 2761 469 2819 261,
511 2757 626 2816 Neuius
650 2775 678 2834 p.
694 2759 760 2834 212,
778 2760 816 2816 32
844 2759 1033 2820 “Mercatura
1058 2761 1197 2820 feminini.
1296 2760 1428 2820 Lucilius
1455 2766 1534 2834 saty-

326 2870 424 2912 rarum
445 2852 494 2912 lib.
509 2869 562 2909 rur
584 2851 642 2927 (oo.
662 2865 693 2906 r!
711 2853 881 2928 Leideusis)
903 2853 1011 2914 ‘rorum
1074 2854 1250 2933 quaesticuli
1271 2853 1461 2912 rasrrrurr’.”

405 2948 470 3005 263.
511 2946 627 3006 Nonius
648 2965 677 3024 p.
691 2945 809 3023 21121
831 2947 1006 3009 “Posticam
1073 2947 1199 3007 Titinius
1219 2957 1323 3008 neutro
1388 2947 1447 3006 dici
1467 2964 1536 3023 pro·
1635 2935 1636 2942 ἵ

326 3042 387 3100 bat.
472 3040 606 3098 Lucilius
626 3040 676 3100 lib.
691 3059 742 3098 vur
764 3040 930 3118 ‘pistrinum
996 3061 1090 3100 sunna
1111 3041 1244 3102 culina’.''

401 3134 467 3194 264.
507 3133 624 3192 Nouius
645 3154 675 3211 p.
691 3131 758 3209 427,
772 3137 809 3193 26
831 3134 971 3196 “Priores
993 3150 1023 3196 et
1042 3137 1185 3215 primores
1211 3133 1288 3196 hauc
1309 3125 1419 3196 babent
1440 3135 1535 3194 direr-

324 3230 452 3290 sitatem.
474 3275 479 3287 .
495 3273 501 3286 .
515 3273 521 3286 .
537 3227 670 3288 Lucilius
693 3235 858 3304 satyrarum
880 3231 998 3291 libum
1020 3229 1213 3304 ‘gallinaceus
1293 3239 1397 3290 oneste
1417 3248 1535 3286 uratur

324 3341 360 3380 us
381 3321 492 3396 digitos
513 3322 657 3398 primores
678 3343 749 3398 quoe
768 3341 909 3382 marsuan
929 3323 1023 3402 (cripit
1042 3325 1111 3383 olim
1132 3325 1281 3402 impressi)
1302 3324 1445 3400 unguis'.”

282 3404 286 3414 ’
400 3417 466 3475 266.
506 3415 622 3476 Nonius
648 3436 677 3495 p.
692 3420 759 3494 489,
773 3420 810 3477 20
832 3417 975 3478 “Gracile
1001 3427 1048 3479 est
1073 3437 1127 3497 pro
1155 3420 1276 3494 gracilis
1302 3427 1356 3478 est.
1402 3417 1536 3476 Lucilius

327 3518 494 3587 satyrarum
513 3511 564 3569 lib.
579 3530 630 3569 vru
652 3512 743 3589 ‘quod
763 3514 878 3589 gracile
897 3533 954 3572 usn
1018 3514 1156 3574 similis’.''

401 3607 467 3663 268.
508 3604 624 3664 Nonius
638 3624 668 3683 p.
679 3609 744 3676 260,
755 3611 792 3668 27
808 3608 1026 3685 ‘’componere,
1040 3609 1227 3683 coniungere.
1249 3652 1293 3666 ...
1308 3606 1442 3665 Lucilius
1455 3613 1535 3680 saty-

324 3719 422 3760 rarum
441 3701 492 3761 lib.
518 3713 575 3752 VH!
594 3700 676 3776 (olim
694 3701 831 3777 impressi
850 3705 878 3761 li.
893 3702 942 3780 rr)
964 3703 1041 3762 ‘cum
1061 3702 1149 3778 poclo
1169 3702 1261 3758 eodem
1281 3701 1359 3759 obruo
1374 3699 1537 3776 amplector

326 3796 412 3855 labra
437 3795 544 3853 labellis
573 3811 717 3870 compono
803 3815 867 3855 carm
887 3795 1142 3873 apsotocopomas’J'
1260 3794 1344 3854 Idem
1365 3813 1394 3871 p.
1414 3797 1480 3867 308,
1502 3793 1534 3852 li

326 3891 454 3966 Fingere
469 3896 516 3949 est
530 3891 659 3964 iungere.
691 3890 767 3966 Virp.
780 3890 830 3949 lib.
848 3903 916 3944 r⁷1111
928 3890 1003 3949 ‘cum
1017 3890 1106 3966 poclo
1171 3889 1241 3946 abra
1251 3889 1368 3947 labellis
1379 3906 1537 3946 ricrnrcus

326 4002 475 4062 compono
539 4001 605 4044 eum
626 3983 867 4058 toi-oaonovprq'ss’

405 4177 473 4236 261.
510 4179 559 4234 isti
578 4175 667 4234 Iatuti
686 4170 829 4249 Scaliger.

407 4255 472 4312 263.
513 4254 584 4314 eada
603 4253 694 4312 Ianus
716 4249 901 4311 Gulielmius.

404 4333 469 4389 268.
487 4331 504 4372 *
519 4330 606 4392 Cous.
627 4346 730 4390 comm.
750 4329 779 4388 in
800 4328 891 4388 Lacr.
906 4346 935 4405 p.
951 4327 1014 4386 194.

407 4409 473 4466 269.
517 4408 631 4485 Scripsi
652 4408 737 4464 Ficta
756 4410 821 4482 eius,
841 4406 871 4464 id
892 4413 937 4464 est
951 4409 1022 4480 Jico.
1100 4405 1345 4479 ψωλοκοποῦμαι
1366 4405 1477 4464 lunius.

610 4786 1360 5132 ml
