3300 5166
897 343 948 391 XV

432 509 622 575 innumero
645 528 780 593 quorum
802 528 886 573 nuno
908 508 1021 593 primu'
1044 507 1217 573 Trebellru’
1240 506 1372 572 multost

431 611 553 677 Luciu':
576 631 651 678 uam
674 618 770 678 sanat
793 611 902 696 febris,
926 611 1058 696 scnium,
1081 609 1243 695 vomitum,
1265 630 1336 694 pus.

432 764 560 831 vilicum
583 763 823 849 Aristocratem‚
846 764 1098 849 mediastrinum,
1122 771 1218 847 atque
1241 761 1411 830 bubulcum

431 867 703 933 conmanducatus
725 869 881 952 corrupit,
905 866 948 933 ad
969 867 1068 933 incita
1090 865 1210 949 adegit.

337 1027 390 1086 42⁰
427 1040 511 1104 quae
534 1020 656 1103 gallam
678 1019 790 1086 bibere
812 1038 970 1103 acragas
994 1016 1173 1085 conducere
1195 1017 1319 1085 ventris

430 1123 517 1190 farre
539 1141 682 1207 acetoso,
707 1122 813 1206 oleris,
837 1120 1013 1188 decumano
1035 1141 1119 1206 pane
1142 1121 1255 1204 coegit.

627 1287 719 1334 nemo
743 1273 792 1332 est
813 1267 979 1334 halicariu’
1003 1264 1163 1353 posterior
1185 1273 1225 1332 te.

424 1415 518 1497 hunc,
542 1411 618 1476 milli
642 1431 775 1496 passum
798 1415 852 1496 qui
876 1413 990 1479 vicerit
1012 1419 1110 1498 atque
1134 1413 1268 1496 duobus,

428 1517 614 1605 Campanus
637 1515 768 1599 sonipes
792 1535 961 1582 succussor
982 1516 1080 1581 nullu’
1103 1523 1253 1598 sequetur

337 1627 387 1685 425
425 1619 546 1685 maiore
570 1617 602 1681 in
626 1617 740 1701 spatio,
764 1635 803 1683 ao
826 1619 964 1685 diversu’
989 1618 1150 1685 videbitur
1171 1618 1229 1683 irc.

319 1729 531 1747 ψ

396 1774 463 1831 416,
501 1771 618 1830 Nonius
645 1791 675 1848 p.
691 1772 719 1848 2,
739 1772 774 1833 27
797 1773 959 1848 “Lucilius
978 1781 1146 1834 saturarum
1170 1773 1222 1832 lib.
1236 1789 1276 1829 xv
1303 1770 1342 1829 ‘in
1357 1817 1363 1830 .
1377 1815 1403 1829 ..
1420 1769 1532 1846 primus

319 1868 471 1928 trebellius
494 1883 621 1923 uunros
636 1883 728 1923 rrros
749 1885 859 1925 pucros
881 1886 1062 1928 unacasnrrn
1083 1868 1173 1928 febris
1189 1869 1385 1941 ...aruspice
1399 1864 1468 1922 olim
1480 1865 1531 1922 im·

318 1959 463 2038 pressi)’.”
983 2009 985 2013 .
1442 1978 1446 1983 ’

395 2055 464 2114 418.
505 2055 621 2114 Nonius
643 2073 671 2131 p.
689 2055 752 2128 123,
767 2055 805 2112 26
826 2053 960 2115 “locitas
981 2055 1088 2116 dicitur
1109 2063 1238 2133 egestas.
1325 2053 1404 2113 idem
1424 2053 1475 2112 lib.
1492 2071 1532 2110 xv

319 2145 447 2207 ‘vilicum
475 2153 751 2226 oiowoyrotcn...
769 2148 906 2225 adegit’.’'
1003 2150 1088 2211 Idem
1114 2152 1231 2212 Nonius
1257 2170 1287 2228 p.
1309 2150 1378 2222 143,
1399 2151 1417 2208 6
1442 2146 1531 2205 “Me-

320 2241 481 2302 diastrinos
503 2261 561 2302 non
581 2245 764 2319 balnearum,
791 2243 845 2302 sed
866 2245 1017 2305 ministros
1039 2251 1069 2306 et
1090 2254 1240 2306 curatores
1262 2243 1378 2304 aedium
1398 2241 1532 2318 legimus.

276 2331 280 2338 ⁴
320 2337 454 2396 Lucilius
468 2337 520 2396 lib.
536 2351 606 2392 xvir
624 2335 749 2397 ‘vilicum
765 2338 1016 2400 ...bubulcum'.''
1095 2341 1180 2400 Idem
1201 2359 1230 2417 p.
1244 2336 1311 2414 479,
1326 2339 1343 2395 3
1362 2335 1531 2396 “Conmen-

320 2431 452 2492 ducatur.
475 2477 521 2492 ...
545 2432 622 2492 idem
643 2434 694 2493 lib.
708 2452 748 2490 xv
768 2431 894 2493 ‘vilicum
910 2478 955 2493 ...
970 2438 1156 2494 mdwrinron
1171 2479 1215 2494 ...
1231 2431 1484 2493 conmanducatae
1504 2437 1534 2486 ct

320 2526 451 2602 conupit
464 2570 470 2584 .
482 2571 508 2585 ..
524 2526 666 2602 adegit’.”

395 2621 460 2678 420.
501 2620 617 2680 Nonius
639 2641 668 2698 p.
683 2625 751 2697 445,
770 2625 804 2682 18
827 2622 1012 2682 “Acerosum
1040 2639 1167 2700 namque
1192 2637 1300 2698 panem
1326 2620 1403 2679 ferre
1425 2621 1530 2694 (sarrd

318 2713 415 2772 minus
436 2714 577 2788 purgatio
601 2719 755 2792 (prnryoto),
783 2731 838 2774 nec
860 2716 997 2776 sordibus
1026 2719 1162 2789 (sordido)
1185 2734 1203 2774 a
1228 2714 1355 2775 candido
1384 2719 1533 2789 separato,

320 2806 476 2866 dicendum
492 2814 607 2868 veteres
622 2816 808 2886 putaverunt.
839 2810 971 2870 Lucilius
991 2810 1041 2870 lib.
1058 2829 1098 2868 xv
1119 2807 1286 2884 (xxvapud
1300 2807 1429 2882 Iunium)
1446 2805 1533 2882 ‘quae

319 2901 429 2974 gallam
449 2905 538 2960 aione
554 2947 599 2962 ...
616 2902 788 2962 ventris...
805 2923 877 2960 ouri
899 2904 1063 2962 decumano
1079 2920 1157 2978 pane
1172 2920 1300 2959 consuo
1315 2901 1431 2975 coegit’.
1463 2906 1532 2958 tunc

321 2995 414 3064 (lianc)
438 2993 547 3054 Graeci
575 2991 752 3071 αὐτόπυρον
773 2997 907 3055 vocant.''
988 2997 1102 3056 Paulus
1122 2997 1198 3056 libro
1219 3015 1261 3054 vn
1283 3013 1320 3055 ex
1341 2995 1433 3076 Festo
1451 3012 1481 3070 p.
1497 2992 1532 3053 il
1591 3007 1593 3010 ·

319 3085 456 3147 “Gallam
479 3090 580 3149 bibere
601 3109 637 3150 ac
658 3108 749 3164 rugas
771 3089 936 3148 conducere
955 3095 1043 3148 ventri
1055 3109 1120 3149 cum
1136 3091 1178 3150 ait
1193 3090 1337 3165 Lucilius,
1358 3092 1535 3165 praemonet

319 3181 499 3256 parsimonia
525 3201 591 3244 esse
614 3184 752 3244 utendum
778 3201 873 3259 neque
894 3185 982 3259 gulae
1004 3183 1218 3260 indulgendum
1238 3188 1428 3260 ventremque
1449 3200 1533 3242 coar·

318 3274 467 3334 tandum.''

394 3369 460 3427 422.
501 3369 654 3430 Charisius
682 3391 712 3448 p.
728 3369 764 3429 75
786 3368 923 3428 “Alicam
953 3372 1015 3430 sine
1042 3371 1246 3448 adspiratione
1276 3372 1385 3432 dictam
1407 3371 1532 3429 Verrius

317 3461 417 3537 tradit,
443 3468 473 3520 et
494 3464 536 3522 sic
557 3466 640 3525 multi
662 3465 816 3537 dixerunt3
844 3464 899 3523 nisi
921 3465 1001 3542 quod
1022 3465 1155 3525 Lucilius
1177 3465 1291 3525 decimo
1313 3467 1416 3542 quinto
1437 3463 1534 3524 ‘nemo

318 3562 364 3614 est
385 3574 587 3636 nanrcanrnus
607 3560 755 3635 posterior
774 3558 813 3618 te'
835 3577 900 3616 curn
922 3561 1124 3639 adspiratione
1147 3560 1246 3619 dixit.''

396 3651 463 3710 423.
505 3649 619 3710 Gellius
640 3673 659 3727 r,
677 3656 712 3711 16
738 3659 768 3711 et
793 3670 831 3712 ex
853 3671 889 3712 eo
909 3654 1078 3714 Macrobius
1109 3653 1226 3715 Satura.
1241 3656 1293 3724 ab
1315 3652 1351 3711 de
1370 3653 1445 3710 mille
1464 3654 1533 3712 sob-

321 3745 450 3804 stantivo
473 3743 629 3824 “Lucilius
644 3789 650 3803 .
663 3789 669 3804 .
682 3791 688 3804 .
700 3764 766 3834 nam
788 3747 817 3805 in
834 3746 911 3807 libro
928 3748 1031 3824 quinto
1052 3747 1166 3806 decimo
1187 3748 1229 3806 ita
1250 3746 1329 3806 dicit.
1359 3744 1446 3805 ‘hunc
1461 3747 1534 3806 milli

319 3842 526 3898 ...necator
547 3837 705 3913 (obcursor
720 3841 800 3918 apud
814 3840 1010 3915 Macrobiom)
1032 3841 1129 3899 nullos
1151 3848 1291 3918 sequetur
1311 3839 1422 3899 maiore
1442 3841 1472 3898 in
1493 3842 1534 3918 (in

318 3934 406 3994 abest
423 3933 589 4009 Macrobio)
615 3934 712 4009 spatio
728 3979 734 3992 .
748 3979 754 3993 .
767 3980 773 3993 .
785 3934 863 3994 ire’.”
947 3933 1065 3993 Nonius
1086 3951 1115 4010 p.
1132 3936 1177 4008 16,
1198 3937 1234 3993 31
1261 3933 1463 3996 “succussare
1487 3941 1535 3994 est

318 4043 419 4084 susum
445 4027 614 4104 frequenter
638 4034 787 4087 excutere.
809 4071 855 4088 ...
872 4028 1006 4088 Lucilius
1035 4033 1125 4102 satyr.
1145 4029 1196 4088 lib.
1211 4048 1258 4086 nn
1272 4076 1279 4089 .
1292 4075 1298 4089 .
1310 4075 1317 4090 .
1328 4028 1406 4088 idem
1425 4029 1476 4087 lib.
1491 4047 1533 4086 xv

396 4173 462 4232 420.
486 4239 489 4245 .
509 4172 666 4230 Lucretius
696 4171 732 4229 de
757 4169 852 4230 hieme
880 4182 972 4230 tantus
998 4173 1167 4232 condoceret
1191 4177 1283 4231 onnia
1314 4183 1425 4248 torpor,
1451 4173 1533 4251 apud

321 4247 451 4307 Nonium
472 4268 502 4326 p.
519 4251 586 4325 229,
600 4250 627 4308 2.
731 4249 792 4306 For
812 4267 952 4307 coerceam
974 4249 1010 4307 de
1032 4249 1112 4325 pulte
1132 4249 1360 4324 intellegendum
1381 4258 1435 4310 est.

319 4327 400 4384 oleris
422 4327 522 4385 dativo
543 4326 650 4402 plurali
673 4324 751 4384 Cato
772 4325 854 4385 dixit.

394 4404 460 4461 422.
501 4405 652 4462 halicarias
672 4403 800 4462 editores
820 4401 957 4463 Charisii.
