3300 5166
228 531 308 600 liaeo
330 534 385 600 ubi
406 534 494 601 diota
515 535 614 620 dedit,
637 555 772 620 pausam
795 535 873 602 faoit
894 555 949 600 ore
972 534 1136 620 loquendi.

162 707 182 747 *
224 726 283 791 per
306 714 448 773 saturam
469 708 608 774 aedilem
631 708 759 794 laetum,
784 709 840 792 qui
861 707 985 812 legibu’⁴
1006 707 1111 772 solvat

225 879 323 944 stulte
344 881 495 947 saltatum
517 884 547 945 te
569 880 652 945 inter
674 883 802 948 venisse
819 881 974 980 cinaedos

225 1051 476 1118 inritataoanes
500 1073 596 1135 quam
618 1052 712 1118 homo
741 1054 826 1138 quod
850 1054 970 1140 planiu'
996 1052 1083 1118 dicit.

153 1235 189 1293 ao
228 1241 356 1307 serpere
379 1223 425 1289 uti
447 1243 637 1306 gangraena
657 1223 745 1287 mala
768 1231 863 1308 atque
885 1225 1064 1308 herpestiea
1085 1230 1203 1308 posset.

226 1394 268 1458 ad
292 1413 426 1459 oaenam
450 1393 619 1479 adducam,
643 1403 674 1461 et
696 1396 833 1481 primum
855 1396 943 1461 hisee
966 1395 1140 1460 abdomina
1162 1396 1274 1460 thunni

198 1585 244 1642 16.
283 1581 400 1640 Nonius
420 1600 449 1658 p.
467 1585 563 1658 158‚8
584 1583 709 1644 “Pausa
729 1590 775 1644 est
794 1585 877 1662 quies
898 1583 1019 1642 alieuius
1040 1583 1090 1642 rei.
1195 1584 1328 1643 Lucilius

119 1683 284 1753 satyrorum
305 1675 380 1734 lib.1
403 1674 485 1736 ‘haee
572 1696 697 1754 pausam
718 1699 778 1738 ona
799 1678 973 1756 loquendi’.''

201 1768 244 1829 ll.
284 1769 445 1829 Diomedes
459 1789 488 1847 p.
500 1773 557 1830 483
571 1771 641 1830 “alii
658 1780 754 1833 autem
771 1776 880 1833 dietam
894 1779 1000 1848 putant
1013 1773 1110 1847 alege
1125 1777 1233 1848 satyra,
1255 1788 1331 1848 quae

120 1883 180 1924 uuo
198 1871 305 1938 rogatu
332 1866 424 1924 multa
443 1866 528 1924 simul
548 1868 779 1944 comprehendat,
800 1868 880 1946 qnod
902 1867 1015 1926 scilieet
1035 1874 1065 1928 et
1084 1861 1186 1924 satura
1203 1865 1332 1926 carmine

119 1960 217 2018 multa
240 1959 326 2020 simul
353 1966 493 2036 poemata
521 1963 809 2038 conprehenduntur.
851 1961 933 2021 euius
965 1968 1081 2038 satyrae
1101 1961 1177 2034 legis
1199 1959 1331 2018 Lucilius

120 2053 253 2112 meminit
272 2055 301 2112 in
321 2056 415 2130 primo
435 2055 499 2132 ‘per
519 2063 647 2132 satyram
735 2058 852 2131 legibus
874 2056 1005 2115 solvat'.’'

201 2151 244 2206 18.
285 2148 400 2208 Nouius
421 2169 450 2226 p.
465 2152 495 2224 5,
516 2153 553 2207 30
579 2149 729 2209 “cinaedi
749 2151 820 2210 dieti
846 2158 915 2210 sunt
934 2151 1013 2228 apud
1036 2157 1150 2210 veteres
1173 2149 1331 2208 saltatores

120 2245 168 2303 vel
196 2244 376 2320 pantomimi.
470 2242 604 2303 Lucilius
630 2253 793 2321 satyrarum
813 2247 864 2305 lib.
879 2265 889 2300 r
911 2248 969 2322 (tit.
983 2262 1010 2300 11
1027 2241 1143 2316 Iunius)
1169 2242 1269 2300 ‘stulte

119 2338 297 2399 cinaedos'.”

206 2434 250 2491 19.
293 2431 447 2490 Charisius
468 2450 497 2508 p.
516 2437 570 2492 100
591 2431 721 2493 '‘Canes.
752 2436 885 2494 Lucilius
912 2435 1006 2510 primo
1028 2431 1165 2490 'Inritata
1261 2432 1337 2504 qaod

119 2528 239 2605 planius
261 2526 350 2600 dieit’,
370 2544 424 2602 pro
446 2526 556 2585 esuis.”
626 2529 710 2588 Idem
727 2549 755 2606 p.
768 2533 822 2588 118
844 2529 1003 2604 “Torques
1017 2526 1065 2584 hie
1080 2525 1197 2584 ethaeo
1211 2531 1333 2598 torques

122 2622 315 2694 nominativo,
340 2629 372 2678 ut
392 2621 439 2678 hie
461 2628 490 2679 et
510 2620 584 2680 haee
606 2640 696 2682 canes
717 2624 872 2683 aLneilio
893 2623 968 2682 libro
989 2621 1082 2697 primo
1103 2620 1199 2678 dietas
1220 2618 1335 2696 (dietum

123 2714 361 2792 Lindemannus)
382 2716 534 2790 legimus.''
652 2719 766 2778 Nonius
787 2738 816 2795 p.
832 2720 885 2793 31,
906 2719 943 2776 23
970 2715 1112 2774 “drritare
1200 2713 1334 2773 Lucilius

122 2819 214 2888 satyr.
236 2811 311 2871 lib.r
339 2809 469 2870 'inritata
496 2810 622 2886 (irritato
647 2811 910 2889 Guelferbytanus)
936 2832 1003 2869 eane
1031 2827 1118 2885 quam
1143 2809 1231 2867 homo
1252 2829 1336 2885 qoam

119 2907 240 2984 planius
266 2904 372 2964 dioit'.''
471 2905 609 2964 Donatus
636 2905 676 2964 ad
702 2906 857 2983 Adelphos
885 2905 1015 2964 'ferentii
1036 2923 1066 2976 11,
1085 2905 1105 2962 4
1125 2922 1155 2979 p.
1169 2906 1225 2962 269
1246 2902 1335 2962 ‘'nam

119 3000 232 3060 irritari
251 3000 371 3077 proprie
392 3015 482 3058 earnes
498 2999 643 3058 dicuntur.
674 2999 808 3060 Lucilius
829 3002 867 3059 de
881 3002 980 3060 littera
999 3017 1014 3057 r
1034 2999 1160 3056 ‘irritata
1172 3001 1249 3054 oanis
1263 2998 1337 3073 qaod
1366 3073 1369 3078 ,

117 3095 208 3155 homo
230 3115 313 3170 quam
332 3094 450 3170 planius
472 3092 612 3169 (plurima
632 3094 700 3152 olim
721 3095 869 3172 impressi)
891 3095 1013 3156 dietat.”

201 3192 248 3247 20.
291 3189 405 3248 Nonius
427 3186 537 3264 p.11'l,
558 3191 593 3246 21
618 3187 801 3265 “Gangrena
821 3197 868 3249 est
889 3207 1003 3252 cancer.
1024 3189 1169 3246 Lueretius
1189 3186 1270 3262 (olim
1285 3186 1334 3244 im·

118 3285 218 3362 pressi
242 3282 378 3358 malim)
401 3289 563 3359 satyrarum
584 3283 658 3342 lib.r
680 3283 809 3360 ‘serpere
830 3285 871 3343 uti
892 3302 1048 3359 gangrena
1067 3301 1152 3340 mano
1174 3287 1263 3356 atque
1285 3280 1337 3355 (ad

120 3400 199 3456 quern
223 3376 396 3450 Leidensis)
417 3376 588 3453 herpestiea
609 3378 747 3452 posset'.’'

199 3476 245 3531 21.
287 3469 402 3530 Nonius
423 3487 452 3544 p.
469 3472 537 3544 159,
558 3472 596 3528 24
622 3471 737 3530 “Priva
758 3472 904 3547 signifieat
924 3472 1049 3547 singula.
1091 3470 1227 3527 Lucilius
1258 3474 1337 3543 saty-

118 3585 219 3627 rarum
245 3565 321 3624 lib.r
342 3563 390 3622 ‘ad
414 3579 536 3622 caenam
623 3570 676 3623 iere
696 3568 848 3624 uddoniea
869 3567 970 3642 ttpmni
1056 3564 1171 3624 dabo'.''
1251 3562 1337 3620 Idem

120 3681 150 3739 p.
165 3664 220 3734 35,
241 3663 277 3718 21
310 3657 454 3716 ‘'Privum
481 3664 527 3716 est
551 3659 701 3735 proprium
728 3661 974 3736 uniuscuiusque
1070 3658 1148 3716 idem
1168 3656 1338 3716 'abdomina

124 3759 202 3813 tenni
223 3754 309 3830 priva
329 3751 443 3810 dabo’.'’
524 3741 639 3811 Gellius
654 3772 684 3829 x,
699 3757 736 3812 20
757 3754 847 3831 “quia
867 3760 983 3812 veteres
1001 3753 1086 3829 priua
1107 3753 1247 3811 dixerunt
1261 3767 1337 3826 qnae

121 3867 177 3908 uos
199 3848 319 3922 singula
339 3845 478 3919 dicimus;
499 3865 558 3922 que
580 3849 670 3907 uerbo
691 3848 825 3908 Lucilius
844 3848 875 3906 in
895 3848 990 3924 primo
1005 3847 1162 3905 satirarum
1176 3844 1252 3902 libro
1266 3861 1337 3902 usus

122 3949 179 4019 est,
201 3940 373 4001 ‘abdomine
394 3941 535 4017 thynni..
548 3942 763 4018 .eeplroleaqoe
783 3962 885 4001 deamo
906 3941 1001 4018 (earne
1020 3938 1167 4015 regins)’.''

206 4126 252 4183 16.
288 4124 364 4196 feeit
384 4121 451 4179 olim
473 4120 634 4180 additum'
626 4137 656 4178 rn
675 4118 923 4211 exemplaribus
915 4118 1079 4194 impressis.

205 4203 253 4259 20.
273 4201 371 4257 ‘mala
400 4198 449 4258 Fr.
476 4199 590 4258 Dousa.
702 4199 798 4258 Hadr.
820 4197 924 4256 Iunius
945 4206 1027 4270 atque
1049 4196 1143 4270 lorpes
1167 4197 1217 4254 ita.
1254 4195 1338 4254 male.

127 4278 294 4350 Polluxrv,
315 4270 411 4334 206
362 4272 582 4372 spuporradv
607 4271 693 4344 ἕλκος
723 4274 841 4370 ἐνοχλεῖ
860 4270 931 4364 μὲν
932 4273 1122 4366 πρεσβυτῶν
1141 4267 1270 4368 κνήμαις
1289 4270 1341 4330 nul

126 4353 235 4429 ποσίν,
264 4320 370 4412 ἐσθ’
359 4343 409 4410 σ’τε
435 4350 467 4410 ds
492 4374 544 4411 και
567 4358 678 4428 μηροῖς
703 4350 752 4411 καὶ
775 4350 890 4428 χερσίν
921 4342 985 4408 ἔστι
1012 4345 1045 4406 δὲ
1064 4342 1265 4408 ὑποπελιὸνον
1290 4369 1341 4407 και

127 4428 250 4509 adportat
271 4427 321 4488 και
342 4427 527 4512 φλεγμαίνει

1092 4518 1141 4586 l*
