3298 5170
304 312 365 377 122
787 315 923 364 1—xxv.
949 314 1029 365 xxx

319 490 383 550 lull
406 485 561 550 Priverno
584 465 760 550 Oufentina
782 483 869 549 venit
890 480 1052 568 fluvioque
1076 481 1231 550 Oufente'

409 656 492 720 sicut
514 654 690 721 mechanici
713 675 783 721 eum
806 655 872 721 alto
895 655 1037 721 exiluere
1060 662 1205 742 petauro,

411 833 448 892 ut
468 827 609 912 petimen
631 801 710 894 naso
733 831 790 892 aut
812 827 939 894 lumbos
962 828 1131 895 cervicibn’
1152 834 1275 912 tanget.

655 998 718 1064 Gai·
741 1018 798 1084 pes
821 1018 936 1066 rocem
958 999 1083 1067 mittere
1105 1000 1220 1086 coepit.

409 1195 467 1260 pro
491 1175 606 1240 obtuso
630 1193 686 1239 ore
707 1171 799 1259 pugil
820 1170 1013 1257 piscinensis
1036 1177 1127 1241 reses

320 1341 383 1400 11⁰⁰
407 1335 493 1420 qnod
511 1383 968 1403 ......................
993 1335 1130 1421 adeptus

530 1498 654 1600 iactans
677 1518 728 1564 me
742 1487 785 1563 vut
808 1497 907 1566 febris
930 1516 1113 1582 querquera
1129 1547 1223 1567 .....

429 1651 670 1670 ............
694 1608 743 1668 ret

554 1785 733 1850 querquera
755 1764 960 1850 consequitur
982 1765 1159 1851 capitisque
1182 1766 1310 1834 dolores

349 1953 351 1960 ·
385 1921 467 1979 1095.
511 1922 622 1980 Festus
644 1941 673 1999 p.
685 1924 777 1996 194,5
798 1921 998 1980 “Oufentiuae
1019 1921 1113 1981 tribus
1134 1923 1216 1982 initio
1231 1941 1324 1982 eausa
1339 1924 1394 1984 suit
1409 1943 1522 1986 nomen

230 2075 233 2084 ¹
305 2011 430 2070 fluminis
446 2013 570 2088 Onlerrs,
590 2014 671 2092 quod
693 2016 786 2075 estin
807 2033 881 2090 agro
895 2015 1070 2074 Privernate
1091 2033 1170 2075 mere
1191 2017 1270 2077 intra
1293 2023 1386 2092 aute)
1409 2025 1440 2079 et
1458 2020 1522 2082 Ta-

305 2106 444 2166 recinam.
477 2110 621 2169 Lueretius
642 2111 795 2171 ‘Priverno
817 2113 966 2186 ouscedtoa
981 2156 988 2169 .
1001 2157 1007 2168 .
1020 2156 1026 2168 .
1039 2110 1193 2170 oufente'.''

384 2204 466 2261 1096.
507 2204 616 2264 Festus
637 2225 665 2284 p.
675 2209 740 2281 206,
752 2208 789 2265 26
810 2203 1019 2264 “Petauristss
1041 2204 1175 2264 Lucilius
1197 2223 1216 2266 a
1236 2211 1360 2282 petauro
1381 2209 1520 2286 appella-

305 2307 352 2353 tos
374 2297 542 2357 existimare
564 2301 688 2377 videtur,
712 2317 800 2379 quom
822 2300 863 2359 ait
884 2299 1227 2375 ‘sicur1...petauro'.”

385 2389 466 2450 1097.
508 2393 616 2455 Festus
638 2416 666 2474 p.
679 2399 744 2472 209,
762 2399 779 2455 3
801 2393 974 2454 “Petimina
992 2393 1022 2450 in
1043 2392 1089 2452 his
1112 2393 1241 2470 (humeris
1260 2394 1386 2470 Paulus)
1406 2396 1520 2458 iumen·

306 2492 401 2543 torum
421 2487 524 2547 ulcera
543 2496 574 2549 et
592 2492 681 2568 vulgo
703 2491 857 2568 appellant
879 2492 908 2548 et
929 2488 1064 2547 Lucilius
1086 2488 1226 2561 meminit,
1248 2505 1337 2566 quom
1358 2489 1404 2569 ait,
1420 2490 1464 2551 ‘nt

305 2578 446 2655 tangat'.'’

385 2678 466 2736 1098.
508 2678 617 2738 Festus
640 2699 667 2756 p.
681 2682 746 2753 210,
758 2680 795 2737 30
817 2676 996 2736 “Pederium
1011 2684 1178 2738 senatorem
1199 2677 1349 2750 significat
1369 2679 1519 2756 Lucilius,

306 2785 394 2843 quom
416 2773 456 2830 ait
477 2771 597 2831 ‘serens
618 2772 803 2849 c...oepit'.
841 2773 952 2848 quiite
973 2773 1153 2850 appellatur,
1179 2771 1249 2849 quia
1270 2771 1395 2846 tacitns,
1420 2779 1519 2833 trans·

305 2862 402 2922 eundo
424 2864 463 2923 ad
481 2884 546 2924 eum
567 2868 649 2926 cuius
667 2866 843 2926 sententiam
858 2867 976 2944 probat,
998 2864 1069 2942 quid
1085 2866 1194 2925 sentiat
1207 2864 1346 2925 indicat.''
1406 2865 1518 2944 (xxxi)

386 2960 468 3018 1099.
509 2962 617 3021 Festus
639 2980 667 3039 p.
683 2963 781 3036 213,5
803 2960 963 3020 “Piscinae
988 2960 1128 3037 publicae
1152 2958 1300 3036 hodieque
1325 2978 1431 3019 nomen
1456 2979 1518 3020 me-

305 3058 364 3126 net,
385 3053 453 3128 ipsa
473 3073 531 3113 non
552 3062 643 3116 extat.
669 3056 708 3114 ad
725 3071 813 3131 quem
828 3061 858 3114 et
873 3061 1005 3114 natatum
1020 3058 1051 3113 et
1064 3053 1286 3114 exercitationis
1301 3054 1410 3131 alioqui
1427 3071 1519 3114 causa

306 3148 446 3222 veniebat
466 3151 603 3225 populus.
634 3149 711 3208 uude
733 3149 867 3208 Lucilius
889 3150 931 3208 ait
951 3149 1016 3226 ‘pro
1030 3195 1036 3208 .
1050 3195 1056 3208 .
1070 3195 1076 3208 .
1088 3167 1287 3206 mscrrunssrs
1308 3149 1425 3221 reses'.''

382 3244 465 3304 1100.
486 3257 488 3260 ·
506 3243 616 3302 Festus
636 3261 666 3319 p.
680 3247 746 3320 257,
761 3246 798 3303 23
819 3244 848 3302 in
871 3243 1051 3318 (quintanam
1076 3245 1201 3304 classem
1226 3242 1372 3304 “..cilius
1394 3244 1438 3304 sic
1458 3262 1516 3304 me·
1578 3293 1583 3302 .

304 3337 387 3396 minit
408 3336 498 3414 ‘quod
518 3377 659 3384 ---
680 3337 844 3416 adeptus'l’

386 3434 468 3492 1101.
500 3433 581 3491 1103.
622 3433 735 3493 Paulus
757 3432 899 3492 diaeonus
920 3451 949 3510 p.
965 3434 1021 3492 132
1045 3431 1272 3508 “Querqucram
1293 3430 1431 3508 trigidum
1452 3450 1518 3491 cum

305 3533 432 3587 tremore
453 3544 471 3585 a
492 3525 609 3585 Graeco
630 3521 772 3605 κάρκαρα
794 3533 905 3586 certum
927 3533 973 3587 est
993 3527 1065 3601 dici,
1090 3525 1169 3584 unde
1190 3532 1220 3585 et
1240 3543 1351 3585 career.
1382 3525 1516 3586 Lucilius

307 3621 433 3681 ‘iactans
446 3623 672 3698 ...querquera'.
701 3627 730 3681 et
750 3621 822 3682 alibi
839 3621 1016 3699 ‘querquera
1027 3620 1226 3682 ...dolores’.'’
1288 3619 1398 3681 Festus
1412 3639 1443 3698 p.
1451 3618 1516 3696 257,

306 3716 343 3773 33
364 3714 391 3774 “.
405 3761 411 3774 .
426 3762 432 3774 .
447 3715 570 3776 ‘iactans
593 3734 637 3774 me
659 3724 691 3775 ut
711 3716 758 3776 feb
780 3756 921 3764 —-
941 3717 1003 3775 ret'.
1036 3715 1106 3775 alibi
1128 3713 1269 3792 ‘querque

385 3846 467 3903 1098.
509 3843 545 3903 Ο.
566 3843 712 3902 Mlillcrus
734 3848 840 3919 cespes,
861 3844 930 3920 qnia
951 3844 1032 3919 apud
1053 3842 1181 3903 Paulum
1202 3850 1248 3902 est
1272 3847 1333 3920 μθ
1357 3841 1517 3919 Acupcdius

305 3923 447 3980 dicebatur
473 3925 516 3980 cut
531 3924 713 3996 praeeipuam
734 3931 795 3980 erut
813 3925 843 3979 ie
857 3924 991 3980 currendo
1013 3939 1127 3980 acumen
1141 3923 1254 3995 pedeure.
1287 3920 1340 3980 sed
1360 3921 1516 3981 velocitate

305 3998 414 4072 pedum
434 3997 564 4058 senatori
584 3997 709 4072 pedurio
730 4016 788 4055 non
806 3999 901 4074 magis
923 4016 997 4074 opus
1019 4004 1084 4056 erat
1105 4015 1193 4073 qnam
1207 3998 1321 4074 capite:
1343 4015 1438 4073 neque
1454 4015 1515 4056 ver·

306 4093 355 4132 sus
381 4083 427 4134 est
447 4075 567 4134 Laberii
588 4092 675 4150 quem
697 4073 811 4133 Gellius
826 4094 870 4150 nr,
888 4079 923 4134 18
945 4075 1042 4134 notari
1060 4074 1154 4148 iussit,
1177 4075 1269 4151 Caput
1287 4079 1344 4133 sine
1357 4077 1453 4150 lippara
1467 4095 1515 4150 pe-

305 4153 379 4208 durii
398 4157 531 4212 occurentia
551 4162 596 4210 cst.
632 4151 710 4209 hunc
734 4152 892 4228 scripsisse
916 4152 1054 4211 existimo
1072 4151 1139 4211 Sino
1163 4153 1259 4230 lippae
1284 4162 1354 4228 aput
1368 4155 1517 4228 pedarium

305 4233 435 4288 sententie
455 4241 502 4302 cst,
521 4229 670 4288 Lucilium
692 4235 789 4288 autem
812 4229 855 4288 sic
876 4229 937 4290 Gal·
951 4247 1001 4305 pes
1019 4247 1112 4289 uocem
1130 4233 1237 4289 mittere
1256 4232 1353 4306 coepit.

384 4309 467 4368 1099.
505 4311 665 4384 peccasse
686 4305 851 4366 Turnebus.
886 4307 1015 4367 residem
1040 4305 1171 4382 pugilem
1195 4309 1307 4369 factum
1331 4304 1404 4368 dicit
1428 4312 1516 4386 prout

307 4385 478 4446 convenerit
498 4403 564 4446 esse
587 4402 651 4444 eum
673 4383 720 4445 cni
741 4402 774 4446 os
796 4383 904 4463 pugnis
926 4384 1064 4445 obtusum
1085 4389 1174 4446 esset.
