3298 5170
699 372 778 421 XXX

239 538 403 624 insperato
426 536 514 624 obiit,
538 557 632 624 quem
654 559 721 607 una
742 537 864 620 angina
885 535 1018 604 abstulit
1039 533 1130 603 hora.

144 731 199 792 865
241 745 304 810 quo
327 746 424 794 nosse
446 728 622 810 arquatos‘?
648 747 829 813 surgamus,
853 747 974 812 eamus,
998 745 1144 809 agamus.

241 917 409 983 culcitulac
432 917 589 983 accedunt
611 916 725 1002 prirae
748 915 928 983 centonibu'
950 915 1046 982 binis.

241 1126 337 1190 quam
360 1126 410 1173 mc
432 1105 494 1171 hoo
515 1111 670 1190 tempore,
694 1111 842 1189 nugator,
866 1123 1062 1207 cognoscere
1084 1125 1149 1171 non
1171 1104 1222 1171 vis

239 1295 438 1380 Euplocamo
462 1293 583 1379 digitis,
607 1293 917 1378 discerniculumquc
941 1292 1060 1378 capillo

244 1483 319 1549 cuia
340 1502 440 1568 opera
464 1481 641 1570 [Trogiuu’]
666 1482 751 1547 calix
772 1502 832 1567 per
854 1488 961 1548 castra
983 1483 1118 1549 cluebat.

146 1678 200 1737 αἵθ
239 1670 356 1738 clauda
377 1690 442 1736 uua
464 1675 513 1736 est
534 1670 672 1756 pedibus
695 1670 829 1736 cariosis
851 1690 964 1737 mensa
985 1671 1111 1738 Liboni.

241 1863 298 1927 illo
322 1859 401 1944 quid
423 1858 488 1945 fiat,
511 1860 626 1925 Lamia
648 1865 680 1925 ct
704 1859 810 1940 [Pitto]
836 1860 1038 1946 oxyodontes

240 1964 318 2049 quoi
340 1962 481 2048 veniunt,
503 1953 580 2028 illae
603 1963 734 2045 gumiae
756 1964 885 2029 vetulae
907 1963 1066 2047 inprobae
1088 1963 1240 2051 ineptae?

209 2162 275 2224 864,
317 2160 431 2220 Nonius
452 2178 481 2237 p.
493 2162 539 2234 35,
555 2161 591 2219 10
612 2158 764 2234 “Angina,
785 2175 880 2233 genus
901 2160 1007 2237 morbi,
1027 2177 1063 2220 co
1084 2162 1165 2238 quod
1185 2167 1286 2238 angat.
1314 2168 1346 2221 et

131 2257 250 2333 Graece
266 2273 398 2332 synauca
418 2255 595 2331 appellatur.
620 2252 754 2312 Lucilius
773 2253 824 2313 lib.
836 2273 900 2312 xxx
920 2253 1081 2333 ‘insperato
1097 2274 1168 2314 amr
1180 2260 1346 2333 ...copulam

131 2369 281 2410 susrucrr
301 2347 410 2408 hora’.’'

211 2447 276 2506 865.
316 2443 433 2505 Nouius
455 2460 483 2519 p.
499 2444 546 2518 35,
564 2445 599 2502 15
628 2441 801 2518 “Arquatus
825 2442 945 2501 morbus
967 2443 1064 2504 dictus
1086 2444 1135 2520 qui
1155 2444 1254 2520 regius
1275 2445 1345 2504 dioi-

131 2547 195 2615 tur,
216 2538 298 2616 quod
318 2555 406 2597 arcus
428 2537 466 2596 sit
487 2538 626 2596 concolor
646 2536 682 2595 de
703 2537 813 2610 virore,
828 2534 875 2594 vel
895 2537 976 2613 quod
996 2539 1041 2597 itc
1061 2538 1191 2614 stringat
1211 2556 1346 2616 corpora,

132 2641 166 2694 ut
185 2635 215 2692 iu
236 2651 337 2692 arcum
359 2631 457 2690 ducat.
490 2629 585 2690 ‘ouon
606 2650 664 2689 uos
685 2650 757 2689 rssr
779 2637 920 2707 arquatos
936 2633 1153 2708 ...agamus’.”

209 2731 275 2789 866,
318 2726 434 2786 Nonius
454 2742 484 2800 p.
493 2726 539 2800 35,
549 2727 587 2786 20
609 2725 748 2785 “Prirum
764 2733 812 2785 est
826 2725 977 2801 proprium
991 2728 1077 2786 unius
1092 2727 1247 2804 cuiusquc;
1268 2727 1346 2786 unde

132 2830 163 2884 et
182 2842 231 2884 res
251 2823 378 2901 privata.
403 2818 538 2878 Lucilius
559 2818 679 2878 lib.xxx
700 2819 867 2880 ‘culcitulac
890 2822 1038 2896 (octaceoc
1057 2819 1228 2898 Leidensis)
1244 2822 1346 2880 ...bi-

132 2919 197 2980 nis'.
229 2918 307 2977 idem
329 2915 499 2975 ‘abdomina
518 2914 604 2972 tunni
623 2914 710 2991 priva
730 2915 844 2974 dabo'.''

210 3015 275 3073 867.
316 3011 433 3070 Nonius
452 3009 538 3086 p.35,
551 3009 588 3065 23
610 3007 778 3084 “Nugator,
798 3010 884 3085 nugis
900 3010 1046 3070 turbator.
1070 3009 1203 3070 Lucillus
1216 3011 1267 3071 lib.
1283 3031 1347 3070 xxx

132 3109 232 3186 ‘quam
248 3103 385 3167 ...ris'.'’
645 3097 649 3112 '

210 3204 275 3263 868.
316 3199 433 3258 Nouius
454 3217 483 3274 p.
501 3199 548 3271 35,
565 3199 601 3256 31
623 3196 886 3273 “Discerniculum,
908 3215 979 3258 acus
1000 3217 1076 3278 quae
1098 3201 1225 3278 capillos
1247 3202 1347 3261 mulie-

131 3316 195 3359 rum
216 3301 285 3357 ante
299 3294 424 3354 frontem
439 3291 553 3366 dividit,
575 3291 655 3353 diota
671 3311 689 3350 a
704 3291 911 3352 discernendo.
941 3292 1075 3354 Lucilius
1089 3295 1139 3354 lib.
1150 3315 1215 3353 xxx
1236 3295 1346 3374 ‘euplo-

132 3409 218 3453 camo
235 3436 241 3450 .
255 3434 262 3449 .
275 3435 281 3448 .
294 3387 440 3465 capillc’.”

213 3484 278 3543 869.
320 3482 437 3541 Nouius
465 3501 495 3560 p.
511 3485 559 3555 81,
579 3483 615 3540 31
643 3480 738 3542 “Ouia
758 3498 812 3558 pro
834 3481 925 3541 cuius.
963 3483 1097 3543 Lucilius
1118 3484 1170 3542 lib.
1187 3501 1252 3540 xxx
1272 3483 1350 3543 ‘cuia
1399 3485 1407 3502 '

132 3577 345 3641 ...cluebct'.”
368 3640 370 3646 ,
442 3576 526 3636 Idem
548 3595 577 3652 p.
592 3574 639 3650 at,
654 3578 691 3635 32
713 3574 838 3650 “Cluet,
859 3575 1034 3638 nominatur.
1065 3577 1200 3636 Lucilius
1220 3577 1271 3636 lib.
1285 3596 1349 3636 xxx

133 3673 212 3750 ‘qaia
228 3670 438 3734 ...cluebct'.”
1158 3735 1160 3740 ,

214 3765 279 3826 870.
319 3764 437 3825 Nouius
456 3783 486 3841 p.
501 3767 548 3840 83,
565 3767 600 3824 12
622 3761 746 3823 “Ourios
767 3768 816 3823 est
834 3769 977 3827 vetustas.
1063 3766 1197 3828 Lucilius
1217 3767 1267 3826 lib.
1283 3786 1347 3825 xxx

131 3860 264 3921 ‘unauna
277 3906 284 3921 .
297 3906 304 3921 .
316 3905 322 3920 .
334 3859 591 3919 muusumuuuo’.”

210 3956 276 4017 811.
316 3953 432 4014 Nonius
452 3972 481 4030 p.
498 3953 563 4029 111,
580 3955 617 4012 33
639 3951 792 4029 “Gemiae,
813 3954 920 4029 gulosi.
951 3953 1085 4015 Lucilius
1107 3956 1184 4016 libro
1203 3975 1268 4014 m
1287 3955 1348 4015 ‘illo

133 4080 337 4092 ...n———u—n·

210 4137 275 4196 864.
316 4135 429 4194 abstulit
450 4135 564 4196 Iunius
644 4134 765 4194 *Confi
782 4153 884 4194 comm.
899 4135 928 4192 iu
951 4137 1042 4196 Lucr.
1063 4157 1092 4214 p.
1107 4140 1172 4198 355.

210 4216 275 4273 865.
316 4211 427 4272 Lucilii
453 4231 568 4273 versum
589 4230 655 4272 esse
677 4231 777 4272 omnes
798 4213 951 4272 viderunt:
983 4215 1036 4273 sed
1056 4221 1102 4274 est
1122 4233 1160 4274 cx
1180 4215 1256 4274 libro
1275 4234 1348 4290 xxx,

135 4311 152 4352 e
177 4309 236 4370 quo
258 4291 376 4350 Nonius
398 4291 497 4351 omnia
518 4291 644 4368 sumpsit
664 4309 739 4367 quae
760 4296 830 4350 sunt
849 4291 879 4348 in
899 4291 1006 4350 vicinia
1025 4290 1110 4350 huius
1132 4293 1262 4367 capituli.

209 4372 275 4428 870.
316 4387 409 4426 mcrrsc
429 4369 533 4428 Liboni
554 4367 699 4444 Scaliger.
1647 4437 1648 4440 Ἴ

198 4449 277 4507 -871
321 4444 459 4521 Scaliger
478 4446 518 4505 ad
531 4446 700 4506 Varronem
722 4446 759 4505 de
779 4445 884 4521 lingua
903 4445 972 4506 Lat.
989 4463 1019 4523 p.
1034 4448 1088 4507 155
1108 4457 1135 4505 et
1152 4447 1243 4525 Pptlro
1266 4404 1642 4568 capo-⁴
