3298 5170
605 333 872 383 xxm-xxvnn

245 484 335 570 sume
356 509 424 568 rete
447 508 545 587 atque
567 503 676 568 amian

244 693 355 759 scinde
377 690 491 776 calam,
513 697 549 756 ut
570 691 688 758 calcas.

690 897 823 962 ecquem
845 879 1049 966 Pamphilum

246 983 398 1068 quaeris?

150 1178 206 1238 tlt
244 1175 384 1236 metuam
405 1177 440 1236 ut
462 1170 649 1237 memoriam
671 1171 811 1237 retineas

242 1379 307 1443 quo
330 1357 463 1424 facetior
485 1356 618 1425 videare
640 1364 672 1423 et
693 1359 777 1424 scire
798 1357 872 1442 plus
895 1379 993 1444 quam
1016 1358 1123 1444 ceteri,

240 1463 396 1548 pertisum
411 1459 582 1546 hominem,
604 1480 670 1525 non
686 1467 877 1546 pertaesum,
899 1461 1006 1527 dicere
1021 1468 1240 1528 aerumnamst
1255 1483 1346 1548 opus.

136 1598 350 1616 m

138 1671 272 1730 ‘Quinam
286 1668 391 1728 thiuno
408 1714 453 1727 ...
466 1685 587 1725 conium
602 1714 608 1726 .
621 1712 628 1725 .
640 1711 646 1726 .
657 1666 747 1726 foras'
762 1712 769 1725 .
782 1665 944 1743 ..piscium
958 1666 1077 1726 nomina
1090 1672 1167 1743 sunt,
1187 1685 1345 1745 eorumque

139 1765 167 1822 in
189 1762 322 1824 Graecia
342 1762 452 1838 origo.”
530 1758 715 1837 (xxvi-xxix)
772 1757 774 1762 ’

209 1859 275 1918 836.
317 1857 417 1917 Varro
443 1856 480 1915 dc
504 1856 608 1931 lingua
630 1855 742 1914 Latina
761 1854 838 1912 libro
859 1873 899 1910 vu
921 1872 950 1930 p.
965 1854 1045 1928 74,8
1068 1855 1103 1912 10
1124 1852 1236 1931 “Apud
1257 1856 1346 1916 [moi-

136 1953 205 2012 lium
221 1958 310 2011 ...et
330 1952 456 2011 ‘sumere
470 1957 500 2010 tc
522 1957 610 2028 atque
631 1951 736 2009 amian'
754 1949 882 2026 piscium
902 1948 1023 2008 uomina
1042 1955 1120 2025 sunt,
1139 1967 1298 2028 eorumque
1318 1952 1350 2011 in
1440 1961 1447 1978 ·

135 2046 266 2106 Graecia
286 2046 398 2122 origo.’'
478 2045 665 2122 (imm-xxix)

212 2139 279 2202 83⁷.
321 2140 444 2200 Servius
465 2139 505 2197 ad
525 2138 678 2199 Aeneidos
697 2141 767 2213 v1,l
789 2143 873 2195 etex
892 2152 928 2194 eo
944 2137 1121 2197 scholiastes
1136 2137 1225 2198 Statii
1238 2139 1349 2200 Achill.

134 2253 174 2311 m,
188 2237 227 2295 48
247 2255 277 2312 p.
289 2235 345 2295 451
375 2234 514 2294 “Classis
542 2232 649 2290 dicitur
673 2233 721 2290 vel
744 2231 825 2308 quod
850 2230 903 2289 fiat
923 2230 959 2289 de
980 2231 1117 2290 fustibus.
1149 2232 1231 2291 calas
1259 2235 1350 2304 (calos
1399 2288 1404 2307 ,

136 2328 175 2388 ad
188 2328 331 2404 Statium)
352 2328 429 2387 euim
451 2327 594 2387 dicabant
612 2327 739 2385 maiores
761 2326 854 2384 nostri
876 2327 970 2384 fustes
992 2342 1067 2400 quos
1089 2326 1250 2401 portabant
1270 2329 1349 2386 servi

134 2430 292 2500 sequentes
315 2424 451 2482 dominos
472 2421 512 2482 ad
532 2421 689 2497 proelium;
715 2420 792 2479 unde
813 2421 902 2479 etiam
923 2420 1043 2478 calones
1065 2419 1249 2478 dicebantur.
1281 2438 1349 2480 nam

134 2518 319 2577 consuetudo
339 2523 406 2576 erat
423 2515 522 2575 militis
543 2515 684 2590 Romani,
705 2520 737 2573 ut
757 2515 822 2592 ipsc
844 2514 901 2573 sibi
922 2531 1003 2573 arma
1022 2519 1156 2590 portaret
1177 2520 1207 2572 et
1226 2514 1296 2592 (apae
1309 2516 1348 2575 ad

134 2611 276 2690 Statium)
303 2612 420 2671 vallum.
451 2610 559 2669 vallum
585 2614 683 2667 autem
709 2608 849 2669 dicebant
875 2608 985 2682 oalam;
1013 2609 1089 2666 sicut
1110 2607 1160 2684 (sic
1180 2609 1220 2668 ad
1240 2608 1348 2685 Vergi-

131 2705 213 2783 lium)
233 2705 369 2766 Lueilius
390 2704 503 2764 ‘scinde
520 2750 526 2763 .
543 2750 549 2763 .
566 2750 572 2762 .
588 2702 707 2778 calcas,
731 2702 762 2760 id
785 2707 831 2767 est
851 2702 936 2778 ‘puer
958 2701 991 2777 (o
1002 2720 1076 2779 puer
1098 2701 1136 2759 ad
1159 2702 1346 2778 Vergilium),

132 2801 238 2876 frange
260 2801 355 2859 fustes
376 2806 406 2858 et
424 2800 473 2857 fac
490 2799 605 2857 focnm'.
630 2796 699 2856 inde
716 2815 789 2872 ergo
804 2798 931 2856 classem
946 2795 1057 2855 dictam
1072 2795 1182 2856 dicunt.
1209 2798 1275 2855 alii”
1289 2804 1345 2858 etc.

207 2894 396 2970 (iorni-xxix)

209 2992 275 3050 838.
318 2987 438 3049 Servius
465 2987 504 3046 ad
530 2987 685 3046 Aeneidos
706 2988 795 3061 1,181
824 2985 956 3044 ‘Anthea
976 2986 1001 3044 si
1021 2985 1126 3062 quem’.
1159 2985 1244 3044 “Aut
1267 2991 1348 3044 certe

134 3102 222 3161 quem
238 3090 337 3157 vacat,
357 3089 390 3142 ut
404 3079 540 3158 superiris
563 3081 689 3140 diximus
710 3080 784 3139 istas
805 3097 912 3139 vacare
933 3082 1105 3157 particulas.
1133 3085 1164 3139 ut
1184 3080 1250 3156 ipse
1263 3079 1347 3155 Virg.

133 3177 248 3237 ‘Rheba
271 3178 331 3253 diu,
353 3195 401 3236 res
424 3177 510 3254 siqua
531 3174 581 3233 diu
602 3174 775 3233 mortalibus
797 3175 858 3234 ulla
879 3175 941 3233 est'.
969 3191 1055 3232 nemo
1076 3174 1148 3234 dicit
1169 3175 1255 3252 siqua
1275 3175 1346 3249 ulla,

132 3272 185 3331 sad
213 3273 238 3331 si
262 3272 337 3331 ulla:
363 3277 453 3332 vacat
478 3287 550 3345 ergo
578 3287 645 3346 qua,
676 3269 746 3327 item
770 3269 800 3327 in
827 3269 970 3344 Lucillio,
992 3269 1128 3346 ‘ecquem
1156 3269 1348 3346 Pamphilum

132 3368 270 3444 quaeris,
292 3383 378 3443 quem
399 3371 503 3425 vacat:
525 3381 592 3425 nam
614 3364 653 3423 de
673 3380 731 3423 uno
750 3363 957 3439 loquebatur.”
1042 3362 1250 3442 (xxvr-xxrxl)

207 3463 273 3522 840.
315 3463 452 3521 Donatus
474 3458 513 3518 ad
535 3457 668 3517 Terentii
687 3456 835 3516 Andriam
850 3459 912 3528 v‚4
933 3459 1007 3533 p.90
1028 3457 1154 3518 “Metuo
1175 3465 1208 3518 ut
1229 3459 1347 3517 substet

130 3556 251 3633 hospes.
284 3556 341 3630 Ut,
362 3571 399 3612 ne
420 3571 487 3612 non.
503 3552 652 3612 ·Lucilius
679 3551 776 3608 ‘nuum
797 3554 831 3609 ut
850 3553 1018 3611 memoriam
1039 3553 1168 3614 retineas
1190 3552 1273 3629 (olim
1293 3553 1344 3610 im-

131 3652 230 3726 pressi
252 3661 328 3709 tcam
347 3658 378 3706 ot
396 3650 538 3717 manerio,
559 3647 667 3723 partim
686 3650 854 3718 memoriam,
873 3645 1047 3723 reticebis)'.”
1127 3645 1314 3723 (xxvi-xxix)

207 3745 273 3805 841.
315 3745 425 3803 Festus
444 3761 474 3817 p.
489 3742 556 3814 273,
572 3743 590 3799 9
612 3739 837 3815 “Redarguisse
858 3756 912 3816 per
925 3756 941 3798 e
955 3740 1083 3801 litteram
1105 3738 1207 3817 Scipio
1227 3739 1346 3798 Africa·

130 3857 185 3897 nus
206 3839 297 3897 Pauli
316 3837 393 3896 filins
415 3836 522 3896 dicitur
548 3835 734 3907 enuntiasse3
760 3840 793 3892 ut
816 3832 894 3890 idem
914 3835 1002 3893 etiam
1022 3836 1172 3912 pertisum.
1203 3834 1286 3893 cuius
1308 3835 1344 3893 m.

132 3934 275 4010 (macinii)
298 3931 450 4003 Lucilius,
477 3948 544 3989 cum
564 3929 605 3988 ait
625 3927 694 4005 ‘quo
782 3927 881 3987 dicere
899 3947 1006 3986 annum
1026 3946 1093 3987 uam
1114 3929 1249 3988 cnuos’.'’

130 4026 216 4086 Idem
236 4047 265 4104 p.
281 4027 380 4102 217,5
402 4024 565 4086 “Particum
587 4023 618 4084 di
633 4023 830 4099 ---qui
847 4023 926 4083 Paul
1153 4023 1169 4049 '’
1245 4023 1344 4100 (xxvi-

130 4122 215 4197 mx)

207 4320 273 4380 838.
314 4317 401 4378 Haeo
422 4334 481 4377 non
501 4316 638 4378 videntur
657 4333 724 4378 essa
743 4314 861 4392 Lucilii,
883 4317 937 4378 sed
957 4314 1097 4391 Terentii,
1118 4331 1157 4376 ex
1176 4314 1298 4394 Hecyra
1311 4331 1339 4392 v,

130 4400 156 4474 3,
170 4399 198 4474 6,
211 4397 346 4474 hospitem
366 4415 475 4474 ecquem
493 4396 672 4474 Pamphilam
690 4395 748 4456 Hic
767 4395 867 4454 haberi

1374 4837 1638 4994 „A
